3042 4950
261 358 350 429 4492
598 375 647 423 ‘a
671 375 785 424 nirsrr
810 373 1012 424 excussos

263 521 415 586 Angustus:
433 533 515 585 eaque
536 519 671 570 adnotatio
688 518 714 567 in
734 517 811 568 Actis
822 533 881 567 carn
898 532 963 567 cura
979 516 1076 580 liabita,
1093 515 1183 581 ntique
1198 519 1258 580 post
1278 511 1364 566 duliae

259 603 499 668 Papiasqueleges.
525 602 675 653 Jiivenalis:
699 601 755 649 ‘Tu
776 600 848 649 libris
869 598 995 649 Actornin
1016 611 1141 661 spargere
1159 595 1255 660 gaudes
1279 595 1365 658 Argu·

263 691 352 733 menta
363 683 431 732 viri!
465 683 592 747 Apriloins
603 700 609 731 ε
627 684 635 710 ‘
646 683 727 731 Pater
739 688 828 730 natum
841 679 890 728 sibi
902 679 982 729 lilium
993 688 1139 728 ceterorum
1150 693 1221 727 niore
1231 675 1366 740 professus

259 763 322 823 ‚est'
354 765 470 813 Scaevola
491 764 651 812 liinnxvrrr.
685 762 725 810 De
746 761 921 825 probationib.
956 762 1072 810 ‘Mulier
1093 760 1201 824 gravida
1222 757 1371 822 repudiata,

262 846 371 895 absente
383 845 570 896 marito'lilinm
581 846 667 907 enixa,
680 851 708 892 ut
720 843 835 906 spurium
856 843 882 891 in
896 842 969 891 Actis
980 840 1097 905 professa
1113 841 1170 889 est!
1204 839 1368 903 Capitolinus

260 927 288 974 in
300 927 456 976 Gordianis:
474 928 481 953 ‘
496 927 587 975 Filium
599 925 760 974 Gordianum
773 926 874 972 nomine
886 922 1010 972 Antonini
1023 931 1050 972 et
1066 924 1137 981 signo
1149 920 1295 982 illustravit,
1305 934 1367 969 cum

262 1009 330 1072 apud
343 1007 422 1058 Pras.
435 1008 530 1069 aerarii,
542 1022 613 1056 more
624 1008 747 1066 Romano,
758 1005 889 1069 professus
900 1007 992 1067 filiurn,
1001 1006 1109 1069 publicis
1119 1004 1195 1053 Actis
1206 1003 1259 1066 ejus
1271 1014 1369 1053 nomen

262 1090 407 1139 insereret.’
442 1091 502 1138 Non
519 1087 592 1137 fallet
609 1095 636 1137 te
648 1087 716 1137 idem
729 1087 891 1150 Capitolinus
905 1088 932 1136 in
953 1089 991 1136 Μ.
1004 1086 1123 1148 Aurelio,
1139 1086 1183 1150 qui
1204 1084 1242 1134 ita
1260 1084 1294 1134 de
1312 1084 1364 1132 bac
1418 1083 1425 1092 '

262 1169 419 1233 professione
432 1171 545 1231 disserit,
556 1170 628 1235 quasi
640 1169 684 1219 ille
694 1169 822 1218 invenerit
832 1169 946 1232 primus:
962 1172 970 1197 ⁶
982 1169 1057 1218 Inter
1068 1166 1139 1229 hac,'
1165 1167 1250 1230 inquit
1279 1166 1287 1192 ‘
1299 1164 1367 1220 libe,-

263 1252 330 1301 rales
341 1267 444 1302 caussas
453 1253 490 1302 ita
507 1252 623 1312 munivit,
641 1259 670 1300 ut
681 1252 779 1314 primns
794 1253 901 1315 juberet
913 1251 982 1315 apud
992 1249 1138 1299 Praefectos
1155 1248 1238 1297 aerarii
1257 1246 1368 1301 Satnmi
1398 1284 1401 1289 .

260 1345 468 1397 unumquemque
480 1334 575 1382 civium
587 1340 662 1381 natos
673 1332 770 1381 liberos
782 1331 909 1396 profiteri,
921 1334 988 1382 intra
1000 1332 1106 1381 tertium
1117 1331 1186 1379 diem
1197 1328 1299 1377 nomine
1319 1328 1368 1376 inr-

263 1413 347 1476 pusito
355 1414 373 1463 :'
391 1415 467 1466 Quod
477 1415 553 1464 aliter
566 1422 622 1463 est:
641 1414 689 1473 sed
699 1413 799 1462 addidit
808 1412 936 1477 quaedam,
946 1412 1152 1477 immutavitque.
1185 1411 1226 1459 De
1235 1408 1369 1458 matrimu-

264 1495 314 1543 niis
325 1495 504 1561 divortiisque,
514 1497 613 1545 clarum
625 1495 700 1544 estin
714 1496 784 1544 Acta
795 1496 878 1544 relata
889 1494 968 1545 fuisse
987 1502 1095 1559 propter
1108 1494 1213 1558 promia
1224 1504 1369 1556 poenasque

262 1574 357 1640 legum.
390 1578 447 1627 lmo
459 1577 903 1642 etiamanteJuliam,Papia1nque.
925 1578 1023 1627 uarius
1035 1577 1067 1626 ad
1080 1577 1241 1634 Ciceronem,
1251 1575 1260 1601 ‘
1272 1573 1369 1625 Pauus

261 1658 366 1708 Valeria
382 1659 481 1722 [scribo
497 1659 596 1720 Valerii,
607 1659 632 1707 id
644 1667 691 1721 est,
703 1657 828 1722 conjmix]
847 1673 919 1708 soror
938 1659 1034 1709 Triarii
1055 1658 1194 1708 divortium
1206 1657 1261 1706 sine
1273 1669 1367 1707 canusa

262 1738 337 1789 facit.
372 1741 495 1803 Nuptura
512 1747 552 1789 est
563 1742 598 1790 D.
612 1741 709 1790 Bruto:
727 1741 840 1789 nondum
855 1740 1012 1791 rettulerat?
1046 1742 1205 1800 Rettulerat,
1216 1738 1320 1793 ,scilicet
1339 1736 1368 1784 in

262 1820 342 1872 Acta.
376 1822 476 1871 Seneca
499 1822 539 1870 De
556 1821 715 1872 Beneficiis:
739 1822 827 1875 ‘Quia
847 1822 1026 1873 veronulla
1016 1838 1071 1886 Jam
1094 1824 1149 1872 sine
1170 1821 1282 1870 divortio
1303 1827 1368 1869 acta

263 1909 332 1966 sunt,
341 1903 411 1968 qnod
422 1919 491 1968 saepe
501 1905 651 1968 audiebant,
672 1903 760 1955 iacere
774 1904 942 1955 didicerunt!
975 1906 1011 1954 Et
1028 1905 1061 1954 ad
1073 1903 1236 1954 matrimonia
1248 1902 1368 1966 pertinet

262 1999 352 2034 versus
362 1985 504 2049 luvenalis,
521 1989 528 2013 ‘
542 1987 618 2035 Fient
634 1987 684 2036 ista
696 1960 791 2051 palam,
802 1989 910 2052 cupient
922 1995 950 2038 et
962 1988 988 2036 in
999 1987 1069 2037 Acta
1078 1985 1185 2037 referri.
1217 1984 1284 2033 Haec
1295 1982 1368 2033 Acta

262 2067 378 2116 ascribis
389 2067 581 2133 tabellariisque
597 2067 718 2119 coniecta
729 2070 861 2133 ridentur,
879 2077 906 2120 et
926 2071 958 2119 ad
969 2069 1072 2120 Atrium
1083 2066 1243 2119 Libertatis
1237 2081 1263 2114 ru
1279 2063 1366 2114 'l'abu
1394 2080 1397 2093 ·

263 2147 329 2198 lario
340 2148 482 2199 adservata.
494 2151 580 2200 Livius
588 2165 667 2200 xciii.
680 2153 687 2179 ‘
702 2152 829 2202 Censores
840 2154 971 2218 externplo
979 2154 1006 2202 in
1019 2153 1113 2202 atrium
1123 2149 1267 2213 Libertatis¹
1276 2161 1367 2197 ascen·

263 2228 367 2293 derunt,
379 2238 406 2281 et
417 2232 452 2281 ibi
464 2232 571 2296 signatis
584 2233 686 2283 tabellis
697 2234 819 2298 publicis,
836 2235 974 2300 clausoque
986 2234 1124 2297 tabulario,
1142 2241 1170 2283 et
1179 2230 1288 2282 dimissis
1300 2227 1366 2293 pub

262 2309 319 2361 licis
330 2312 428 2363 serris?
462 2313 510 2364 Cui
523 2321 597 2365 retus
609 2315 746 2381 inscriptio
759 2317 900 2367 Curatores
913 2324 999 2368 tamen
1011 2317 1133 2384 quosdam
1144 2315 1271 2379 adsignat.

586 2416 610 2452 c.
629 2416 813 2453 clarmanum.
833 2416 940 2452 suariis

586 2499 644 2535 sax.
662 2499 846 2535 maraonivs·
943 2551 945 2554 Ι

588 2580 619 2615 m.
637 2580 795 2617 Panaenus.
813 2580 901 2616 avisco

586 2661 612 2699 r.
629 2655 751 2699 saarim.
769 2643 903 2698 ancianis

586 2744 755 2781 assarones.
772 2743 959 2780 aaarnaaron.

588 2824 779 2860 evnurconvrr.
797 2824 858 2861 rac.
877 2824 942 2860 cva.

262 2890 301 2940 At
323 2904 355 2938 ex
366 2890 451 2939 Taciti
462 2903 531 2946 aiu.
548 2892 754 2954 colligasciiram
765 2909 822 2941 eam
838 2891 994 2944 Quaestorib.
1021 2891 1099 2942 inisse
1118 2896 1165 2938 ant
1182 2886 1267 2937 sararii
1288 2886 1362 2935 Prae·

263 2969 348 3019 fectis.
382 2971 549 3047 ‘'Princepsss
567 2973 659 3036 iuquit,
677 2977 783 3022 ‘curam
803 2973 947 3023 tabularum
966 2974 1126 3037 publicarum
1147 2986 1162 3018 a
1181 2966 1364 3019 Quaestoribns

263 3052 452 3106 adPrsefectus
470 3054 621 3103 transtulit!
654 3056 743 3119 quue
761 3052 825 3103 facit
842 3055 912 3118 qnod
931 3056 969 3104 ol.
990 3053 1112 3104 Aurelius
1130 3049 1306 3099 Professin'nes
1326 3048 1366 3097 iii·

260 3132 372 3183 fantium
385 3135 487 3188 rettudit
498 3135 531 3184 ad
544 3136 635 3185 AErarii
647 3135 810 3199 praefectos..
831 3137 960 3186 Tabularii
971 3135 1068 3185 mentio
1086 3134 1164 3184 etiarn
1177 3130 1306 3188 Ciceroni,
1315 3142 1364 3192 pro

263 3215 368 3265 Rabirio
376 3216 560 3279 perduellionis
569 3230 626 3266 reo:
640 3218 800 3282 Virgilioqne
810 3217 907 3281 Georg.
918 3232 950 3267 11.
963 3221 970 3245 ‘
982 3225 1027 3267 aiit
1041 3215 1130 3279 populi
1142 3212 1268 3263 tabularia
1280 3210 1366 3259 vidite

263 3295 315 3345 Ubi
323 3295 427 3345 Servius
439 3297 566 3361 quasdam.
599 3297 765 3362 Lampridius
783 3300 808 3346 in
831 3298 981 3348 Alexandro
999 3296 1096 3347 referre
1117 3296 1221 3344 videtur
1239 3294 1365 3341 Actorum

262 3375 454 3428 confectionem
474 3379 506 3427 ad
527 3379 651 3430 Praefect.
675 3380 758 3429 urbis:
778 3381 871 3431 ‘Fecit
892 3378 1000 3443 Roma,'
1017 3379 1109 3444 inquit,
1124 3377 1276 3425 ‘miratores
1294 3371 1365 3422 nrbis

163 3473 167 3480 ·
256 3469 324 3514 xlv
341 3458 387 3507 sed
399 3461 616 3510 exconsulares
594 3476 672 3522 viros,
689 3476 752 3525 qnos
765 3462 854 3512 audire
865 3462 972 3525 negotia
988 3461 1058 3511 urbis
1071 3459 1159 3522 jussit,
1176 3463 1205 3506 nt
1216 3469 1305 3505 ornnes
1317 3459 1364 3503 aut

255 3554 355 3603 magna
367 3555 426 3605 pars
437 3542 569 3603 adessent,
580 3558 637 3592 runi
649 3543 719 3593 Acta
730 3543 838 3594 tierent
855 3544 907 3593 Sed
920 3542 1049 3606 intellegit
1053 3540 1191 3605 iudiciaria
1201 3537 1278 3588 Acta
1313 3517 1364 3584 Fir·

260 3628 338 3671 erunt
349 3629 378 3672 et
386 3624 509 3689 Registra
520 3617 642 3688 quadarn
656 3625 769 3689 publica,
780 3634 876 3690 praeter
887 3628 942 3676 bac
954 3625 1034 3685 Acta,
1049 3623 1082 3673 de
1098 3623 1190 3687 quibus
1199 3620 1222 3667 V
1225 3620 1326 3683 opiscus
1336 3616 1363 3668 in

262 3703 366 3754 Probo·
383 3705 470 3754 ‘Usus
482 3721 537 3755 snm
549 3706 627 3755 etiam
641 3706 767 3771 Registris
779 3708 921 3757 scribarum
934 3707 1052 3772 porticus
1064 3705 1272 3769 Porphyreticis,
1288 3699 1363 3750 Actis

260 3784 341 3834 etiarn
351 3786 470 3848 Senatus,
481 3802 512 3836 ac
534 3788 643 3852 populi?
678 3789 818 3839 Perierunt
830 3791 884 3839 lianc
904 3790 1009 3853 pnblica
1028 3794 1089 3837 acta
1105 3783 1245 3852 (γράμματα
1263 3778 1364 3841 δημόσια

257 3865 380 3928 appellat
392 3866 455 3932 Dio)
472 3883 523 3932 qua
538 3876 681 3933 vetustate,
697 3887 747 3937 qna
758 3872 896 3921 incendio:
914 3872 958 3919 sed
980 3871 1113 3934 repararit
1124 3869 1206 3931 primo
1217 3863 1364 3929 principata

260 3947 448 4010 taurinacius,
460 3949 543 3999 tribus
554 3952 721 4001 Senatoribns
730 3953 763 4002 ad
776 3952 972 4002 describendum
984 3951 1239 4015 conquirendumqne
1251 3942 1363 3994 dilectis.

262 4026 314 4076 Adi
324 4028 445 4079 Granum
457 4045 516 4080 eum
536 4034 690 4098 scriptorem
702 4036 748 4084 lib.
761 4048 829 4084 carr.
846 4035 871 4082 in
884 4035 950 4082 actis
960 4033 1018 4081 anni
1031 4037 1088 4081 tuo.
1113 4030 1178 4080 Dixi
1190 4030 1239 4077 ista
1250 4025 1363 4080 uberius,
1379 4079 1381 4084 ,

261 4114 291 4158 ct
302 4116 399 4172 prater
410 4126 474 4174 rem,
486 4120 516 4162 nt
524 4122 658 4164 constaret
669 4116 694 4163 in
708 4124 782 4178 parte
789 4115 934 4179 juventuti,
944 4129 1002 4178 quae
1015 4118 1102 4162 essent
1114 4112 1156 4160 illa
1169 4110 1246 4169 Acta,
1256 4117 1363 4170 quornm

257 4189 413 4248 testimonio
435 4194 532 4244 totiens
549 4203 638 4244 noster
658 4197 751 4261 aliique
774 4199 801 4245 in
822 4196 1052 4262 mernoriarerum
1072 4193 1126 4244 usi:
1145 4204 1254 4256 quaeque
1276 4184 1364 4238 habito

260 4282 364 4336 semper
375 4272 488 4324 historiae
504 4274 614 4324 materia
625 4282 653 4326 et
664 4290 748 4340 seges.
