3042 4950
495 440 536 489 ru
562 441 637 490 ma.
660 438 748 491 xtrr.
772 438 995 492 auusotuu.
1113 447 1117 453 ·
1209 430 1297 499 tuot

190 580 478 648 placcidisiudptleros,
497 583 606 634 siiirsl
620 582 798 649 pretiriprpcs
814 583 877 634 dress
892 583 1184 652 amiraliisiaslipdas:
1201 588 1227 638 id
1239 596 1297 645 ests

191 669 314 721 Proetcres
322 669 404 717 mucii
414 667 515 730 umens,
527 667 690 722 Quoestoriius
703 681 798 715 remu
809 668 906 730 cutiam
922 682 987 716 ruere
996 667 1022 716 id
1031 668 1148 719 mucis:
1163 684 1209 720 uon
1218 676 1299 723 ism

190 754 218 798 ut
229 764 332 798 crurum
348 764 427 799 emm
436 764 521 798 ussum
537 755 595 799 esset
612 751 691 813 (quod
700 754 772 799 culce
782 755 805 797 et
823 750 850 799 irs
866 751 925 814 ipsis
935 755 958 799 ei
970 750 996 799 ιἰι
1011 751 1156 800 Pectoribus
1168 750 1299 817 seruus)

189 831 231 879 sed
242 832 287 879 duo
296 830 369 880 iidem
379 836 429 880 tres
440 845 513 880 ossus
523 816 644 880 continuos
653 844 706 879 ειιιι
716 845 797 880 curum
806 830 968 881 multost.-
984 831 1062 896 druse
1072 833 1164 882 exuuio
1171 830 1299 884 Ῥνσιιιιειι

190 910 274 960 statim
292 912 491 976 adipiscebantur,
509 912 628 962 iuterdm
644 916 669 961 et
685 911 817 975 premissus
828 915 1016 977 mercedemque:
1037 916 1136 978 proinde
1155 931 1183 965 ac
1200 916 1256 965 dms
1273 930 1299 971 sa

188 1000 322 1055 gesserant.
356 995 477 1043 Honores
488 1008 551 1059 ergo
561 1000 638 1043 extra
653 994 770 1043 ordinem
789 994 821 1044 iis
832 994 897 1058 dati,
914 1002 974 1044 sunt
985 996 1119 1046 Praeturse.
1152 997 1202 1046 Sed
1214 997 1299 1061 ipsum

192 1076 330 1125 immutans
342 1090 441 1125 rursum
451 1077 533 1138 Nero,
551 1076 630 1126 rediit
647 1090 698 1125 uon
716 1076 749 1126 ad
763 1076 895 1126 Praetores
906 1076 969 1143 (ron
981 1078 1049 1127 enim
1062 1077 1099 1128 ita
1110 1079 1234 1144 appellati
1246 1094 1299 1130 asu·

191 1155 273 1223 plius)
293 1157 340 1207 sed
358 1158 392 1207 ad
408 1157 571 1208 Praefectos:
595 1172 659 1222 qnos
678 1171 693 1205 e
713 1157 848 1206 Praetoriis
868 1158 959 1221 elegit.
992 1158 1088 1223 ltaque
1104 1160 1174 1210 clare
1184 1160 1299 1222 Tacitus,

198 1240 334 1290 ‘Praetura
345 1238 620 1304 perfunctos'dilegit‚
639 1254 690 1289 uon
702 1236 843 1290 Praetores.
876 1240 919 1289 lta
937 1240 1044 1289 enimin
1061 1240 1152 1290 Tacito
1171 1243 1303 1307 corriger-

191 1320 264 1370 dum.
298 1322 350 1371 Per
363 1320 432 1370 bella
443 1327 529 1371 tumen
540 1322 637 1382 ciuilia,
654 1327 683 1370 et
702 1320 828 1385 Principe
847 1322 918 1370 nullo
939 1322 1036 1384 Romae,
1055 1320 1149 1372 iterum
1168 1322 1301 1374 Praetores
1330 1364 1332 1367 .

166 1400 311 1467 .2prrsiecti
323 1400 460 1452 videntur:
478 1403 613 1466 innuitque
623 1401 732 1450 Tacitus
744 1401 846 1451 Histor.
857 1402 904 1451 lib.
917 1416 955 1452 tv.
972 1402 1122 1453 ‘Praetores
1134 1405 1217 1454 aemrii
1228 1404 1300 1471 (num

190 1490 255 1533 tuuc
267 1499 283 1532 a
295 1481 456 1533 Pretoribus
469 1483 632 1532 tractabatur
651 1479 784 1543 uranum)
802 1481 932 1546 publicam
943 1490 1126 1548 paupertatem
1137 1485 1239 1548 questi:
1250 1489 1300 1535 irc.

190 1564 277 1614 Insita
286 1565 357 1614 enim
368 1564 509 1615 admonitio
522 1564 601 1614 facile
610 1564 725 1614 ostendit
734 1563 803 1613 aliud
815 1563 894 1614 fnisse
904 1564 1002 1626 Taciti,
1018 1564 1045 1615 id
1057 1574 1107 1629 est,
1117 1566 1222 1630 Trajani
1234 1578 1301 1618 aevo.

191 1645 294 1699 ¹Gellius
304 1646 352 1696 lib.
366 1658 430 1698 unt.
464 1645 624 1696 Praefectum
636 1645 763 1708 nominat,
776 1646 872 1698 ‘Quod
885 1659 934 1711 per
950 1647 1114 1699 Quaestorem
1124 1648 1197 1712 dixi,'
1208 1648 1302 1715 inquit,

191 1729 199 1771 t
211 1729 332 1792 intellegi
352 1741 421 1777 nuuc
441 1718 548 1793 oportet
567 1725 648 1777 Praef.
668 1727 778 1776 erario:
804 1740 863 1776 nam
874 1740 938 1777 eura
950 1729 1061 1778 ceradis
1076 1729 1255 1782 Quoestoribus
1267 1729 1301 1779 ad

191 1808 339 1858 Praefectos
347 1809 398 1875 [ita
408 1810 526 1874 legerim,
539 1823 591 1858 uon
602 1807 760 1870 Pesefecturr]
772 1809 901 1859 translata
913 1809 973 1859 est!
1006 1809 1147 1860 Praescisse
1158 1817 1245 1860 autem
1256 1822 1302 1859 eos

192 1905 290 1940 censeo
302 1891 444 1953 biennium,
463 1906 496 1941 ex
506 1891 555 1940 hac
567 1890 700 1940 sanctione
710 1890 840 1939 Neronis:
858 1896 932 1940 certe
945 1890 1050 1955 quidem
1062 1880 1241 1940 ita'servatum
1253 1889 1302 1940 suls

193 1971 319 2035 Trajuno.
336 1973 437 2022 Plinius
449 1973 580 2036 Panegyr.
598 1972 631 2020 de
644 1986 672 2020 se
683 1976 712 2021 et
723 1971 859 2021 Tertullo:
877 1972 885 1999 ‘
898 1971 1022 2021 Nondum
1042 1971 1173 2022 bieuuinm
1191 1973 1303 2036 comple·

192 2067 279 2103 samm
290 2054 317 2102 in
329 2051 414 2103 officio
428 2053 627 2103 laboriosissimo
638 2060 665 2103 et
676 2052 797 2117 maximo,
807 2068 864 2102 cnm
877 2060 905 2104 tu
914 2054 987 2103 uobis
996 2055 1158 2104 consulatum
1170 2051 1304 2104 obtulisti·

192 2136 229 2185 Et
248 2137 355 2187 statim:
379 2136 484 2186 ‘Nobis
504 2135 643 2186 Praefectis
663 2135 766 2199 aerario,
785 2135 951 2185 Consulatum
971 2141 1110 2202 antequam
1129 2148 1303 2185 successorem

192 2216 307 2266 dedisti!
340 2218 371 2267 Iu
380 2217 442 2288 jure
453 2218 546 2267 crebra
556 2216 655 2267 mentio
667 2216 859 2268 Praefectorum
871 2218 964 2284 aeurii,
981 2225 1010 2268 ut
1022 2219 1039 2267 l.
1052 2231 1105 2269 ιιι.
1137 2220 1181 2267 De
1192 2216 1232 2266 liis
1243 2228 1302 2281 ques

192 2305 224 2347 ut
235 2297 362 2364 indiguis:
381 2299 398 2350 l.
411 2312 457 2368 xp.
470 2305 498 2349 et
511 2312 580 2350 xuu.
597 2301 640 2348 De
647 2298 709 2363 jure
720 2297 784 2350 fisci.

736 2513 767 2564 C.

228 2643 296 2693 Cau.
305 2646 346 2694 31.
357 2641 399 2692 Ad
407 2642 474 2692 hauc
482 2644 640 2693 vicesimam
649 2641 757 2713 Arriani
763 2641 868 2705 insignis
879 2643 959 2706 locus,
969 2642 987 2691 l.
1000 2655 1044 2693 111.
1054 2641 1167 2690 Dissert.
1179 2637 1306 2703 Epicteti,

191 2741 218 2775 c.
230 2729 272 2775 26.
281 2724 289 2746 ⁴
297 2731 318 2773 0
329 2725 413 2775 δοῦλος
422 2724 487 2775 εὐθὺς
498 2726 595 2789 εὔχεται
607 2725 719 2789 ἀφεθῆναι
731 2722 859 2789 ἐλεύθερος·
877 2723 949 2773 διὰτί
959 2725 1061 2786 iareim
1078 2722 1115 2771 ὅτι
1130 2723 1180 2771 ruis
1197 2716 1305 2769 siccard-

191 2825 243 2856 ναις
254 2806 361 2868 ἐπιθυμεῖ
370 2808 448 2857 δοῦναι
458 2806 583 2873 &cuipiam
600 2808 627 2856 oti
644 2806 749 2857 cautio
759 2804 915 2871 φαντάζεται,
934 2812 983 2858 dec.
1018 2807 1049 2855 ln
1062 2820 1111 2871 quo
1122 2806 1190 2867 loco,
1202 2800 1262 2850 vide
1274 2808 1305 2852 ut

191 2889 322 2940 caecuciat
332 2888 381 2951 vir,
392 2890 442 2938 ulia
454 2890 555 2940 doctus.
591 2891 659 2940 Nam
670 2890 765 2939 vertit:
783 2889 872 2939 Seruus
883 2888 995 2953 inprimis
1010 2890 1076 2953 cupit
1093 2902 1118 2937 se
1134 2885 1219 2936 decori
1235 2883 1308 2934 liter·

190 2975 251 3021 tsle.
286 2972 364 3028 Quam
375 2973 403 3021 ot
413 2969 538 3022 caustum?
554 2987 585 3022 uu
595 2971 650 3036 quia
659 2973 777 3022 desiduet
794 2986 839 3036 pro
855 2976 943 3022 tessun
954 2970 1106 3021 vendentibus
1124 2973 1249 3031 argeutum
1260 2981 1307 3015 ns·

192 3050 307 3111 merore?
339 3056 410 3104 Nou:
426 3056 467 3103 sed
478 3055 533 3119 puio
545 3056 665 3119 opinatur,
675 3058 716 3120 ipe.
750 3057 786 3105 Et
794 3055 821 3104 iu
831 3054 909 3105 Notis
918 3054 965 3117 ait,
977 3051 1118 3111 εἷιωστῶιην
1128 3065 1186 3100 esse
1197 3049 1239 3115 qui
1252 3061 1307 3097 rem

192 3135 257 3185 emit
268 3135 385 3186 exhibito
396 3137 470 3200 signo
482 3144 527 3185 aut
538 3141 652 3185 tessera:
670 3136 838 3186 manumissos
849 3144 936 3186 autem
948 3150 1035 3185 eruere
1055 3134 1158 3198 publice
1175 3130 1309 3181 frumenta

191 3217 310 3282 potuisse
320 3217 434 3267 exhibita
447 3225 561 3267 tessera:
580 3219 650 3267 nude
660 3218 784 3269 Persius:
801 3223 809 3247 ‘
822 3219 971 3269 scabrosum
983 3218 1109 3267 tesserula
1119 3214 1178 3265 fer?
1203 3212 1308 3263 Sournis

192 3304 222 3348 et
232 3307 389 3362 nugamenta
401 3314 481 3349 mera.
516 3299 623 3363 Corrlgo
634 3300 661 3349 iu
672 3299 797 3364 Arriano,
808 3301 862 3350 'lois
873 3298 1032 3349 eisocrdrcu.
1066 3299 1181 3349 Glossae:
1200 3292 1309 3344 eluceri·-

191 3378 246 3443 ris,
257 3381 270 3428 i
281 3379 324 3429 ris
335 3379 442 3431 εἰκοστὸς
456 3380 570 3444 ἀπαιτῶν,
594 3382 770 3432 Vicesimarius.
803 3385 886 3432 Verte
904 3383 1001 3446 igitur:
1019 3382 1059 3431 Au
1078 3382 1134 3445 quic
1154 3376 1310 3429 uicesimariis

189 3466 320 3523 argeutum
330 3464 387 3510 dore
398 3459 535 3512 desumat?
569 3462 642 3512 Idem
654 3463 781 3513 Arrianus
792 3464 810 3512 l.
822 3478 853 3514 tt.
866 3468 889 3514 1.
901 3460 981 3513 'oras
991 3460 1032 3512 civ
1041 3460 1130 3529 στρέφῃ
1140 3479 1179 3511 τις
1188 3460 1226 3509 ἐπὶ
1237 3473 1309 3523 urpa-

196 3544 274 3605 τηγοῦ
284 3541 328 3591 τὸν
340 3544 412 3593 αὐτοῦ
431 3545 525 3607 δοῦλον,
546 3543 613 3593 οὐδὲν
633 3529 755 3608 insinuem
774 3545 878 3606 ἐποίησε.
893 3545 918 3596 ui
927 3563 934 3609 ;
951 3545 1050 3612 ἔστρεψε
1065 3545 1109 3594 ris
1127 3544 1200 3594 αὐτοῦ
1217 3541 1310 3590 δοῦλον.

192 3624 270 3674 Ἄλλο
280 3623 348 3674 οὐδέν
357 3642 364 3687 ;
381 3624 427 3675 rui·
446 3625 485 3675 καὶ
496 3625 605 3685 εἰκοστὴν
614 3628 687 3676 circi
696 3628 774 3677 δοῦναι
785 3627 890 3692 ὀφείλεις
908 3628 934 3678 id
944 3635 994 3689 est,
1007 3630 1068 3677 Cum
1078 3628 1131 3691 quis
1140 3638 1233 3674 seruum
1242 3635 1310 3671 suunt

192 3697 364 3772 uerteritupud
377 3709 518 3771 Praetorem,
528 3708 703 3769 uilciluefecit?
717 3710 795 3772 fecit:
810 3710 884 3776 quid?
900 3712 974 3760 uertit
984 3725 1051 3758 suum
1060 3721 1161 3757 mum.
1187 3703 1310 3767 Numquid

193 3787 315 3852 amplius?
333 3790 421 3839 Certe.-
434 3790 572 3852 vigesimum
583 3806 627 3854 pro
638 3806 663 3840 eo
674 3793 798 3856 dependet.
832 3793 925 3842 Cicero
937 3792 1018 3841 Attlc.
1030 3791 1108 3855 epist.
1120 3803 1152 3839 tt.
1165 3792 1204 3839 lli.
1226 3787 1234 3814 ‘
1246 3786 1311 3835 Por·

193 3870 268 3919 toriis
281 3870 366 3920 italice
378 3871 499 3934 sublatis,
510 3871 581 3935 quod
591 3873 704 3936 vectigal
714 3879 836 3937 superest
842 3872 1013 3922 domesticum
1024 3864 1310 3936 praetervtcesimsmt'

195 3951 262 4002 Haec
275 3953 302 4001 in
313 3953 483 4003 manumissis.
517 3953 554 4003 At
565 3955 591 4003 in
608 3956 689 4004 serris
705 3963 851 4019 receptum,
870 3960 900 4004 ut
911 3955 1031 4019 quotiens
1049 3954 1185 4013 vaenirent,
1196 3946 1311 4012 vectigal

194 4047 241 4097 pro
252 4033 284 4083 iis
297 4035 424 4098 penderet
436 4041 549 4098 emptor.
575 4034 608 4084 ld
618 4037 726 4086 Tacitus
737 4035 817 4088 fuisse
829 4037 875 4101 sit,
886 4037 1003 4101 quintam
1012 4043 1040 4086 et
1051 4036 1212 4085 vicesimam:
1230 4028 1310 4100 lectio

194 4115 272 4166 modo
289 4118 323 4164 sit
335 4125 417 4167 certa.
450 4117 575 4180 Ambigas
596 4118 665 4167 euim
681 4119 753 4182 jure,
768 4120 888 4183 quonium
901 4118 933 4167 de
945 4119 994 4167 liae
1006 4131 1071 4166 xxv.
1085 4116 1146 4165 nttttl
1157 4113 1218 4163 slibi
1229 4111 1310 4175 scrip·

195 4203 260 4246 tum.
284 4197 340 4246 luno
348 4197 479 4261 'scripturn
491 4205 599 4247 contro:
619 4199 775 4263 Augustum,
786 4215 843 4248 conr
856 4200 967 4264 pecunie
978 4199 1011 4249 cd
1023 4199 1121 4249 bellum
1132 4204 1159 4245 et
1171 4200 1312 4245 nocturnos

193 4276 301 4342 'Vigiles'
313 4279 338 4329 ei
356 4294 430 4344 opus,
447 4279 593 4328 instituisse
613 4280 861 4344 Quinquagesimem
879 4280 1009 4329 venalium
1029 4278 1227 4341 mancipiorum.
1258 4271 1310 4321 Dio

195 4361 214 4409 l.
227 4374 272 4412 tv.
285 4361 312 4411 itt
326 4361 391 4412 actis
402 4360 462 4414 unni
474 4374 571 4413 ncctx.
583 4360 616 4414 'ti
626 4349 699 4413 riuos
706 4363 749 4426 τῆς
756 4365 921 4425 πεντηκοστῆς
930 4360 968 4411 ἐπὶ
976 4363 1007 4427 τῇ
1014 4364 1061 4410 rsit
1068 4356 1217 4423 dsdpurddun
1227 4351 1311 4419 rupices
