3042 4950
204 388 292 462 ddbS
562 404 593 453 ι.
616 400 730 453 nrrsrs
755 398 954 455 menaeus

738 622 774 672 R.

215 772 219 777 Ι
237 792 305 844 Cra.
314 794 355 842 59.
372 786 449 843 Quod
468 787 514 850 ait,
527 785 636 852 pedibus
647 783 768 836 intectis:
785 797 835 833 uon
849 783 926 848 plane
939 794 1028 832 rerum
1046 787 1096 844 est,
1107 780 1155 832 scd
1166 780 1193 833 in
1205 794 1309 848 compa·

204 875 373 925 rationeeum
392 868 485 919 calceis
505 867 646 928 Romanis;
663 864 707 931 qui
725 864 867 927 altiusculi,
887 879 938 913 non
959 864 1041 914 solum
1063 863 1129 913 imos
1148 863 1238 927 pedes,
1260 860 1309 913 sed

203 956 280 1006 tibias
303 952 425 1002 velabant
442 964 527 1001 crure
555 956 639 999 tenus.
673 946 815 998 Horatius:
841 946 950 1011 ‘nigris
968 945 1080 998 medium
1101 945 1220 1011 impediit
1248 958 1308 994 erus

203 1035 338 1088 Pellibus!
368 1032 477 1083 'titinius
488 1033 513 1081 in
525 1032 628 1082 Setina:
646 1031 654 1058 ‘
666 1029 726 1081 Jam
738 1044 797 1079 curu
808 1028 908 1079 mulleis
922 1036 948 1080 te
965 1029 1109 1093 ostendisti,
1121 1043 1185 1095 quos
1197 1026 1310 1079 tibiatim

203 1116 323 1170 calceas.'
354 1114 528 1166 Tertullianus
546 1113 580 1163 de
598 1111 700 1162 Pallio:
725 1109 735 1138 ⁴
754 1109 861 1175 impuro
882 1110 952 1161 cruri
975 1126 1066 1174 purum
1093 1116 1138 1183 aut
1158 1109 1309 1159 mulleolum

202 1199 305 1250 inducit
326 1196 459 1248 calceum!
490 1197 526 1246 Et
545 1201 631 1246 exstat
652 1193 800 1258 exemplum
821 1191 898 1243 hodie
917 1192 944 1242 iu
967 1192 1063 1242 calceis
1082 1186 1226 1241 'furcarum
1239 1190 1311 1240 Pan·
1343 1218 1345 1223 ·

204 1268 401 1345 annianumque.
438 1277 476 1328 At
498 1277 622 1342 crepida,
643 1277 730 1338 solea,
752 1276 901 1340 plantarum
917 1275 1003 1326 calcea
1025 1281 1127 1325 tantum
1145 1274 1209 1324 imas
1236 1277 1309 1338 tege·

202 1365 276 1426 bant,
295 1361 391 1412 ceteris
409 1357 465 1410 fere
483 1359 568 1409 nudis.
602 1360 666 1413 Ideo
677 1358 745 1409 bene
755 1357 870 1423 noster,‘
882 1357 993 1424 pedibus
1004 1355 1130 1407 intectis!
1163 1354 1241 1405 Hunc
1252 1368 1311 1405 serr·

204 1460 259 1495 sum
271 1443 357 1493 firmat
374 1442 439 1506 ipse,
450 1441 512 1491 dnm
530 1440 632 1491 subdit:
650 1441 700 1492 ιΡ.
713 1440 840 1505 Scipionis
852 1439 1028 1502 aemulatione,
1042 1454 1119 1505 quem
1130 1437 1221 1489 eadem
1232 1434 1310 1487 facti·

202 1525 299 1576 tavisse
322 1523 391 1588 apud
412 1522 525 1574 Siciliam
546 1521 712 1586 accepimus.'
743 1521 831 1585 Scipio
849 1526 936 1570 autem
955 1519 993 1569 ibi
1014 1518 1172 1583 crepidatus.
1204 1515 1308 1567 Livius:

203 1606 312 1671 ‘Ipsius
331 1605 411 1656 etiam
428 1605 598 1670 imperaturis
619 1619 671 1655 non
688 1604 822 1654 Romanus
840 1602 927 1667 modo,
946 1602 993 1653 sed
1014 1615 1047 1651 ne
1067 1599 1187 1651 militaris
1203 1596 1309 1665 quidem

203 1687 463 1752 cultusjactabatur3
481 1701 540 1738 euru
559 1686 638 1751 pallio
650 1684 814 1751 crepidisque
832 1684 992 1734 inambulare
1004 1683 1029 1732 iu
1047 1680 1195 1747 gymnasio!
1229 1677 1308 1733 Quod

202 1776 288 1819 tamen
301 1768 377 1818 molle
388 1776 416 1818 et
427 1765 601 1818 effeminatum
614 1765 785 1817 censebatur:
803 1771 830 1815 et
849 1765 972 1815 Manilius
992 1764 1116 1813 delicatos
1133 1752 1246 1826 insignit
1258 1760 1308 1810 bac

202 1858 280 1903 nota:
297 1850 447 1899 ‘Femineae
459 1855 555 1910 vestes,
566 1862 641 1898 nexas
652 1847 707 1896 sine
720 1846 834 1911 tegmine
843 1845 961 1910 plautae)
995 1845 1034 1895 Ut
1052 1843 1169 1907 Scaliger
1188 1840 1309 1893 emenda·

184 1936 187 1943 '
201 1933 257 1993 vit;
277 1931 327 1981 etsi
339 1938 412 1981 vetus
424 1930 515 1994 lectio,
525 1945 568 1980 uec
578 1930 659 1980 insunt
678 1930 799 1992 tegmina:
816 1943 850 1979 ex
860 1943 912 1996 qua
924 1928 1066 1995 tentabam,
1076 1942 1118 1976 nec
1127 1926 1155 1975 iu
1172 1939 1240 1974 usum
1256 1929 1309 1986 teg·

201 2012 275 2063 mirra.
307 2012 422 2062 Dionem
437 2011 517 2061 etiam
539 2024 590 2060 non
609 2011 685 2062 aliter
702 2010 823 2074 exaudio,
841 2010 874 2060 de
893 2010 1018 2073 Caligulae
1036 2007 1119 2057 ludis:
1137 2005 1177 2056 sai
1193 2006 1247 2068 ἐξῆν
1268 2000 1309 2060 καὶ

202 2092 354 2154 ἀνυποδήτοις
362 2091 514 2155 βουλομένοις
530 2091 668 2158 θεάσασθαι,
682 2091 837 2157 νομιζόμενον
845 2091 889 2155 μέν
900 2111 945 2142 πον
961 2090 1009 2141 snb
1026 2088 1138 2139 rateto
1154 2084 1309 2153 insinuas!

201 2173 304 2238 δικάζειν
323 2175 388 2225 rrrds
406 2175 432 2225 ἓν
456 2178 491 2238 τῷ
509 2173 569 2240 θέρει
585 2174 667 2240 afrus,
684 2174 724 2225 sal
740 2173 857 2235 πολλάκις
875 2172 915 2223 καὶ
936 2171 981 2221 orb
998 2173 1042 2221 τοῦ
1059 2168 1197 2233 Αὐγούστου
1212 2169 1239 2219 ἐν
1256 2169 1311 2218 ταῖς

202 2259 300 2321 θεριναῖς
324 2244 477 2322 πανηγύρεσι
495 2255 631 2320 γενόμενον,
657 2254 781 2320 ἐκλειφθὲν
796 2254 822 2306 δὲ
839 2253 883 2305 ὑπὸ
899 2257 943 2304 τοῦ
959 2251 1083 2318 Τιβερίονι
1101 2252 1128 2302 ul
1144 2257 1200 2301 est:
1223 2251 1309 2301 Valea-

200 2338 264 2388 tr'brss
274 2339 346 2388 etium
355 2339 502 2389 ducdceatis
511 2345 617 2403 spectare
625 2339 763 2404 permissum
775 2357 783 2388 .·
794 2340 855 2403 quod
868 2338 982 2387 ιιιίθιιιιιιι
998 2338 1074 2396 olim3
1089 2338 1117 2384 ut
1130 2333 1203 2384 ιθίιιιιι
1212 2333 1309 2396 quidm

192 2418 288 2481 judicia
306 2421 349 2469 boc
364 2420 447 2470 babitu
465 2423 557 2476 edatis
568 2427 671 2486 tempure
686 2421 876 2485 exacuerint&
887 2418 1070 2483 ipsedeputatus
1080 2416 1115 2464 itu
1125 2430 1186 2480 repe
1195 2413 1310 2478 spectarit

199 2503 292 2553 eatinus
302 2504 381 2561 iudom
397 2503 507 2553 ambrum
518 2509 596 2554 tamen
614 2504 745 2554 ai'iberio.
779 2502 831 2555 Ubi
853 2498 1009 2560 inumbrans
1027 2512 1085 2548 rere
1104 2496 1226 2560 verteris,
1242 2497 1308 2545 sole·

200 2589 257 2634 atos
276 2589 323 2634 aut
344 2584 503 2648 crepidatus.
547 2586 684 2638 Quomodo
712 2586 792 2636 etiam
822 2584 942 2635 convivia
962 2580 1165 2646 frequentabant
1187 2577 1309 2641 Romani,

200 2666 295 2722 calceis
313 2665 368 2732 (qui
387 2666 456 2715 inter
473 2665 586 2717 forensia
608 2654 795 2730 censebantur)
814 2665 922 2716 omissis.
954 2663 987 2712 In
998 2661 1067 2713 omni
1079 2674 1141 2724 ergo
1152 2659 1309 2725 remissione,

198 2761 246 2812 per
263 2748 388 2811 convivia,
408 2763 456 2812 per
475 2747 559 2811 ludos,
578 2762 626 2811 per
645 2748 736 2811 otium,
755 2747 863 2797 Romani
879 2745 981 2795 solenti.
1014 2744 1165 2795 Nutaenim
1176 2744 1308 2794 Ciceronis

199 2828 346 2892 increpatio
364 2829 390 2878 iu
401 2831 522 2896 Verrem,
532 2830 576 2894 qni
596 2830 624 2878 in
643 2829 734 2880 littore
751 2831 880 2879 solentur:
898 2833 926 2877 et
944 2828 971 2875 iu
982 2825 1133 2891 Antonium,
1144 2825 1187 2891 qni
1198 2823 1308 2876 Gallicis

199 2907 313 2959 indutus.

740 3072 772 3124 1.

232 3236 351 3287 Canio.
384 3235 444 3285 Mos
466 3234 511 3302 qui
530 3236 636 3301 publice
658 3235 803 3299 obtinebat,
826 3234 1006 3301 privatimque.
1037 3233 1157 3298 Publice,
1174 3233 1265 3284 Livius
1285 3234 1306 3291 l.

122 3319 127 3330 ’
198 3330 301 3368 xxxvl.
318 3319 326 3346 ‘
339 3318 456 3368 Consulti
471 3317 577 3368 feciales
589 3318 628 3367 Μ.
640 3317 726 3369 Acilio
736 3317 858 3382 Consule,
868 3332 929 3366 uum
948 3318 1020 3382 prius
1031 3315 1123 3365 AEtolis
1134 3314 1307 3366 renuntianda

198 3399 313 3448 amicitia
324 3406 403 3464 esset,
418 3395 494 3464 quiam
516 3399 613 3450 bellum
632 3399 816 3451 inferendum!
847 3401 879 3451 L.
901 3412 982 3449 xatus.
993 3399 1001 3426 ‘
1014 3398 1090 3447 Missi
1108 3397 1190 3461 legati
1205 3389 1306 3450 Perseo

199 3478 340 3529 amicitiam
360 3481 557 3531 renuntiarunt!
588 3481 725 3544 Privatim,
747 3480 818 3531 infra
837 3482 855 3530 Ι.
872 3468 911 3531 vr.
929 3485 937 3510 ‘
952 3480 1053 3529 Murem
1076 3477 1154 3529 fuisse
1165 3478 1305 3544 majoribus

198 3562 300 3627 quinties
312 3560 465 3612 dirimerent
482 3562 617 3624 amicitias,
636 3562 796 3613 interdicere
815 3561 901 3627 domo,
916 3576 1032 3627 eumque
1050 3560 1128 3609 finem
1150 3561 1243 3625 gratiae
1260 3576 1306 3626 po·

198 3641 280 3692 nere?
313 3641 343 3693 1..
354 3656 397 3693 ιιι.
410 3644 418 3671 ‘
430 3643 589 3707 Quamquam
601 3658 653 3693 nou
665 3644 733 3694 ultra
743 3642 814 3694 foret
825 3645 953 3707 saevitum,
967 3657 1044 3708 quam
1055 3649 1085 3691 ut
1096 3642 1209 3692 amicitia
1220 3644 1305 3694 Casa-

197 3722 234 3771 ris
253 3722 454 3786 prohiberetur.'
486 3724 623 3773 Suetonius
642 3723 711 3789 Aug.
730 3741 754 3775 e.
774 3729 815 3775 ou.
832 3727 840 3754 ‘
858 3713 980 3774 Cornelio
997 3724 1073 3773 Gallo
1091 3723 1124 3773 ob
1136 3724 1265 3788 ingratum
1277 3730 1306 3775 et

197 3799 352 3850 malevolum
372 3804 484 3852 animum
506 3804 582 3854 domo
605 3811 634 3868 et
652 3805 793 3869 provinciis
813 3805 864 3855 suis
884 3804 1038 3854 interdixit!
1081 3804 1155 3853 Idem
1176 3805 1201 3852 in
1222 3804 1306 3854 Claris

197 3881 341 3932 Grammat.
363 3883 395 3932 de
416 3885 507 3935 Curtio
526 3887 617 3937 Nicia:
634 3885 809 3953 ‘Pompeium
828 3886 944 3951 offendit,
955 3887 1081 3952 domoque
1091 3886 1116 3935 ei
1134 3886 1304 3936 interdictum

198 3963 257 4015 ‘est'
290 3965 333 4014 Sic
351 3965 449 4016 Badius
468 3968 615 4033 Campanus
632 3971 702 4035 apud
720 3970 823 4019 Livium
844 3983 911 4019 xxv.
930 3971 1014 4034 palam
1034 3968 1151 4018 omnibus
1169 3968 1305 4019 renuntiat

195 4046 335 4109 hospitium
353 4048 480 4113 Crispino.
512 4050 601 4115 Atque
616 4052 664 4101 hoc
676 4056 727 4111 est,
739 4050 808 4115 quod
820 4051 911 4101 Cicero
925 4039 1244 4100 inimicitiasdenunciare
1255 4048 1304 4112 ait,

193 4140 245 4190 ,pru
256 4127 286 4175 L.
298 4128 408 4179 Flacco:
426 4131 434 4158 ‘
446 4132 551 4182 Etenim
563 4148 621 4182 cum
632 4148 648 4181 a
658 4132 807 4182 clarissimis
819 4133 880 4181 viris
892 4132 1048 4195 justissimas
1066 4132 1213 4182 inimicitias
1231 4144 1303 4195 saepe

196 4221 255 4257 cum
267 4208 333 4259 bene
345 4211 443 4262 meritis
455 4213 555 4263 civibus
567 4212 701 4277 depositas
713 4228 770 4263 esse
782 4214 917 4264 vidissem:
935 4228 987 4263 non
998 4228 1053 4264 sum
1064 4212 1205 4263 arbitratus
1215 4226 1306 4278 quem·

197 4301 274 4354 quant
292 4290 401 4341 amicum
418 4293 510 4368 patria·
521 4306 602 4343 novas
613 4294 674 4344 hnic
690 4293 839 4345 inimicitias
858 4294 931 4346 nulla
942 4300 1053 4360 accepta
1062 4292 1304 4358 injuriadeountia·
