3042 4950
486 403 526 453 ru
547 403 627 454 uss.
649 402 731 453 xrv.
752 398 973 459 uuusuruu.
1198 385 1287 458 46oe

182 545 241 607 Iuro
250 545 353 603 acluoti
361 546 477 599 homines
488 555 517 599 et
526 547 714 613 forensaspost
724 549 849 599 decimam
862 562 933 611 saepe
942 563 949 597 :
968 545 1086 613 quonlam
1096 561 1139 601 res
1150 555 1179 600 et
1185 549 1296 616 judicis.

183 629 211 679 in
228 628 287 683 foro
301 630 419 681 exercita
430 630 463 680 ad
474 631 610 682 Decimam
617 631 715 693 horam,
725 631 764 680 nti
781 643 817 679 ea
834 629 977 679 Miloniana
994 627 1102 679 Asconii
1120 630 1214 682 discas.
1247 633 1286 684 A:

182 712 290 762 labente
297 712 406 776 imperio
415 713 591 777 moribusque,
600 718 692 762 octava
702 713 766 761 liora
775 711 862 760 balnei
872 709 961 759 haberi
971 717 1066 773 eoepta,
1074 710 1188 776 nonipsa
1195 728 1285 767 omnm.

182 793 286 848 Plinius
298 794 331 844 de
341 794 486 858 Spurinna:
502 798 516 825 ‘⁴
524 796 577 846 Ubi
587 795 649 845 hora
658 795 745 845 balnei
756 794 881 843 nunciata
891 798 942 853 est,
955 792 1009 855 (est
1019 798 1106 843 autern
1116 793 1200 844 hieme
1211 809 1287 858 nona,

182 883 278 927 aestate
297 877 412 940 octaua)
430 878 455 928 io
466 879 520 928 soie
539 878 654 939 ambulat
675 875 775 927 nudus:
789 876 859 926 lotus
881 872 1007 924 accubat?
1039 873 1168 924 Martialis
1187 883 1287 940 prester

182 958 344 1011 locosalios:
361 960 654 1025 ‘Imperatexatrnctos
664 958 788 1022 frangere
806 958 885 1008 Nona
902 954 1009 1006 thoros!
1042 957 1119 1007 Hane
1133 958 1222 1008 horam
1241 960 1285 1026 qui

183 1042 390 1105 praeveniebant,
411 1043 567 1106 tempestive
589 1041 688 1106 epulari
710 1039 865 1090 dicebantur
885 1045 1098 1104 etpraemature,
1119 1045 1148 1090 st
1167 1041 1287 1093 convivia

183 1135 274 1173 eorum
284 1123 465 1187 Tempestira:
482 1123 526 1188 qui
543 1123 571 1171 in
588 1122 693 1186 longum
712 1121 861 1183 trahebant,
878 1121 955 1187 inque
973 1127 1078 1172 noctem
1094 1120 1287 1186 intempestam,

177 1201 240 1265 jnre
251 1218 340 1254 eornm
351 1207 436 1268 epulae
446 1203 652 1267 Intempestive.
684 1202 739 1256 Qui
756 1201 790 1251 de
807 1203 888 1253 molto
904 1201 958 1264 die,
975 1201 1205 1266 inquam,epulari
1223 1203 1288 1255 inci·

124 1340 131 1347 ,
181 1283 299 1348 piabant,
310 1285 336 1336 in
348 1300 393 1335 eos
405 1286 511 1350 gulones
527 1285 584 1334 hmo
600 1291 663 1334 nota
681 1290 709 1334 et
726 1298 830 1335 nomeu.
864 1283 974 1333 Plautus
993 1283 1117 1347 probrose
1133 1284 1159 1333 in
1180 1297 1286 1339 senem:

179 1365 189 1393 ‘
202 1364 269 1416 Crrm
282 1381 328 1416 suo
338 1367 387 1416 sibi
397 1373 477 1430 gnato
487 1380 539 1416 nna
549 1365 583 1416 asi
594 1365 702 1417 amicam
714 1364 747 1415 de
766 1365 809 1414 die
826 1364 941 1416 Potare!
961 1416 963 1421 ,
974 1366 1045 1416 Hinc
1056 1367 1127 1430 apud
1136 1367 1285 1418 Catullum:

181 1449 190 1476 ‘
205 1449 332 1499 Convivia
342 1449 413 1499 lauta
425 1448 458 1498 de
470 1448 512 1498 die
523 1448 539 1498 :’
555 1448 625 1512 apud
638 1447 786 1510 Horatium,
801 1449 809 1476 ‘
821 1448 906 1499 dietus
914 1450 976 1498 isere
985 1449 1040 1499 illio
1049 1450 1092 1499 De
1100 1449 1187 1500 medio
1196 1456 1287 1514 potare

181 1528 248 1578 die!
280 1529 418 1581 Suetonius
430 1529 600 1595 dequroae:
617 1529 625 1555 ‘
638 1529 733 1593 Epulas
745 1529 857 1580 emedio
868 1528 912 1581 die
928 1530 961 1580 ad
977 1530 1088 1581 mediam
1106 1537 1209 1582 noctem
1228 1541 1288 1596 pro·

182 1602 320 1665 lralrebat’
352 1610 451 1676 Plinius
462 1611 488 1660 in
497 1611 647 1661 laudatione
657 1611 775 1676 Trajani:
793 1613 802 1640 ‘
815 1613 875 1663 Nou
884 1614 954 1663 enim
963 1620 1024 1663 sate
1035 1612 1148 1663 medium
1156 1613 1225 1664 diem
1235 1604 1290 1664 dis

182 1697 281 1755 tentus,
293 1693 406 1743 solitaria
418 1708 501 1756 cana,
512 1699 646 1757 spectator
657 1688 847 1760 adnotaturque
858 1695 971 1745 convivis
981 1696 1032 1747 tuis
1042 1693 1176 1746 immines!
1199 1694 1287 1746 Livius

183 1773 217 1823 tie
229 1773 358 1849 Aarrjbale
376 1775 474 1840 Capua
486 1775 653 1827 lasciviente:
672 1778 834 1842 ‘Coeperunt
852 1778 953 1842 epulari
971 1777 1004 1827 de
1023 1777 1076 1839 die,
1095 1783 1124 1828 et
1141 1778 1287 1828 convivium

182 1871 279 1906 nonen
291 1871 363 1907 moro
373 1858 473 1908 Punico
493 1866 538 1910 aaut
557 1859 661 1909 militari
681 1859 819 1925 disciplina
829 1857 905 1909 esse?
938 1859 1030 1909 Cicero
1042 1859 1075 1909 de
1086 1858 1197 1910 Pisone:
1215 1860 1223 1889 ‘
1234 1859 1288 1913 Qui

183 1955 323 2005 numquam
343 1942 428 1991 Solem
450 1942 577 1992 orientem
599 1946 643 1991 aut
661 1940 826 1992 occidentem
845 1941 965 1991 uideritz’
989 1942 1130 2006 culpatque
1151 1956 1210 1991 eum
1229 1940 1290 1992 vitii

183 2022 325 2087 utriusque.
358 2023 406 2072 Uti
428 2029 456 2073 et
477 2023 555 2073 Silius
578 2023 740 2087 Campanos:
766 2023 921 2089 ‘medioque
941 2024 1043 2074 dierum
1061 2025 1174 2089 Regales
1193 2025 1289 2089 epula,

182 2110 262 2169 etqua
273 2110 333 2154 orta
343 2105 461 2155 convivia
471 2105 538 2156 Solia
550 2105 705 2171 Deprensa!
738 2106 808 2156 Hac
824 2106 984 2170 tempestiva
1001 2105 1120 2156 convivia
1135 2121 1205 2171 sape
1216 2119 1289 2156 usur·

182 2186 241 2251 pari
251 2187 328 2237 solita
337 2186 429 2237 diebus
440 2186 508 2237 lastis
518 2186 654 2252 festisque.
686 2184 821 2239 iuvenalis
831 2186 966 2238 Persicum
976 2202 1050 2237 suum
1068 2187 1196 2237 inritans:
1214 2189 1223 2218 ⁴
1231 2184 1288 2252 jam

182 2282 254 2319 nunc
265 2269 292 2317 iu
303 2268 398 2319 balnea
408 2268 481 2318 salva
489 2269 586 2319 Fronte
597 2270 660 2320 iicet
669 2270 766 2331 vadas:
783 2285 938 2336 quamquam
949 2270 1032 2320 solida
1046 2270 1109 2319 hors
1120 2268 1235 2335 supersit
1245 2269 1288 2318 Ad

175 2349 301 2400 sextam)
334 2351 398 2401 Vult
407 2365 471 2401 ecoe
481 2365 542 2403 eum
560 2350 594 2400 ad
613 2350 721 2401 balneas
737 2352 777 2401 ire
797 2351 862 2402 lrora
878 2351 979 2416 quinta,
990 2357 1206 2415 praetermorem,
1217 2350 1289 2402 etad

182 2434 273 2498 opulas
287 2433 374 2485 venire
385 2438 460 2484 sexta
469 2433 624 2498 septimane.
639 2432 820 2484 Saturnalibus
830 2434 894 2484 item
904 2434 980 2499 uulgo
990 2433 1110 2484 convivia
1121 2433 1293 2487 ordiebantur

182 2530 200 2565 a
211 2517 293 2566 multa
302 2518 370 2567 luce.
402 2516 595 2566 Tertullianus:
612 2516 776 2567 ‘Nonlsvor
787 2517 899 2566 diluculo
914 2516 1103 2579 Saturnalibus,
1121 2530 1156 2566 ue
1171 2521 1200 2565 et
1219 2514 1290 2566 diem

182 2602 212 2645 et
231 2604 333 2648 noctem
351 2598 473 2662 perdam:
492 2603 608 2648 attamen
625 2596 698 2647 lavor
715 2596 824 2648 honesta
841 2599 906 2647 liora
924 2603 953 2649 et
970 2596 1086 2648 salubri?
1120 2597 1189 2647 Nam
1207 2596 1290 2645 lautio

181 2687 357 2743 temperante
369 2680 467 2730 cibum.
499 2679 567 2729 Item
578 2679 683 2743 nuptiis.
714 2678 844 2744 Apuleius
859 2680 937 2744 Apol.
948 2693 968 2730 1.
986 2678 1149 2743 ‘Nuptlaene
1165 2677 1218 2727 illa
1235 2674 1291 2726 l‘ue-

182 2768 254 2823 runt,
274 2775 306 2810 on
324 2760 394 2810 aliud
414 2760 575 2814 celebratum
592 2758 715 2825 officium,
732 2774 763 2810 ac
782 2762 929 2811 coavivium
940 2758 1148 2826 tempestivum?
1181 2756 1294 2809 Earum

183 2843 303 2894 convivia
314 2859 373 2909 qum
384 2844 477 2894 Catoni
490 2843 587 2907 placita
596 2843 666 2908 apud
689 2843 858 2893 Ciceronem:
875 2845 883 2873 ‘
896 2845 953 2909 Ego
972 2858 1035 2894 vero
1047 2848 1156 2907 propter
1165 2839 1292 2891 sermonis

183 2925 382 2975 ddoennoaem
394 2926 556 2990 tempestivis
567 2925 691 2978 conviviis
701 2925 838 2977 delector!
869 2926 937 2976 Item
948 2924 1067 2986 Claudio,
1079 2924 1111 2973 de
1123 2937 1174 2989 quo
1184 2921 1292 2973 Tacitus

184 3007 254 3058 1.ιιι.
270 3007 412 3058 ‘Claudius
430 3007 534 3058 domum
557 3022 698 3073 regressus,
716 3013 744 3057 et
763 3007 926 3071 tempestivis
947 3008 1031 3072 epulis
1050 3004 1189 3056 delinitus!
1220 3004 1291 3056 Quae

184 3091 269 3155 epula
280 3090 302 3139 si
313 3089 399 3139 media
409 3098 487 3140 nocte
497 3089 617 3153 fuissent,
627 3103 677 3141 nou
688 3092 775 3157 potuit
785 3092 855 3140 inter
866 3104 909 3139 eas
919 3089 1062 3139 Messalina
1073 3102 1131 3138 esse
1142 3083 1293 3146 interfecta,

181 3172 238 3223 aine
257 3174 366 3238 querela
381 3179 426 3223 sut
445 3172 527 3222 verbo
546 3172 737 3223 historicorum.
757 3170 927 3221 Alexandro:
954 3170 987 3220 de
1006 3184 1058 3234 quo
1078 3168 1182 3218 Curtius
1200 3168 1292 3216 ivm.

182 3255 316 3319 ‘Jamque
333 3256 383 3304 iter
401 3255 532 3318 pararein
544 3259 676 3318 posterum
692 3252 912 3318 jussus,solleuni
931 3257 959 3302 et
977 3251 1135 3316 tempestivo
1154 3249 1294 3299 adhibetur

183 3336 320 3388 convivio!
352 3338 449 3387 Tamen
471 3338 528 3387 hac
549 3336 668 3386 convivia
681 3336 742 3400 jure
760 3337 788 3385 iu
808 3334 879 3385 vitio.
912 3333 1005 3385 Cicero
1026 3332 1060 3382 ad
1081 3331 1200 3383 Atticum
1223 3332 1241 3381 1.
1252 3342 1293 3380 ιι.

183 3418 293 3470 ‘Audio
303 3419 378 3469 bonis
395 3419 457 3469 viris
476 3419 544 3469 hauc
565 3420 759 3469 cunctationem
777 3424 891 3468 nostram
910 3430 962 3466 aon
982 3415 1097 3480 probari,
1113 3414 1247 3478 multaque
1264 3416 1294 3460 et

184 3516 277 3552 seuere
298 3503 324 3551 iu
335 3517 377 3551 me
393 3503 419 3551 in
437 3502 562 3552 conviviis
579 3502 682 3566 quidem
701 3501 862 3567 tempestivis
878 3497 1024 3564 disputari?
1056 3497 1127 3548 Ibid.
1145 3496 1236 3547 ‘Quas
1248 3507 1293 3543 sos

183 3598 269 3634 caenas
280 3583 367 3634 facere
378 3590 406 3634 et
416 3583 491 3634 obire
502 3583 608 3647 scripsit
619 3584 653 3633 od
664 3598 706 3633 me
725 3584 846 3633 Sextius?
863 3597 941 3648 qnam
959 3582 1049 3642 lautas,
1068 3592 1143 3644 qnam
1162 3573 1296 3639 tempesti-

184 3666 255 3717 vasi'
287 3667 362 3717 Idem
372 3668 391 3717 l.
403 3681 446 3716 ιιι.
458 3667 485 3715 in
496 3668 615 3729 Verrem,
626 3666 659 3716 de
670 3666 781 3730 Apronii
791 3681 865 3718 caena
875 3666 901 3714 in
912 3663 984 3714 loro:
1001 3660 1148 3711 ‘Statuitur
1159 3657 1256 3707 Lollius
1267 3655 1294 3705 ln

183 3748 228 3798 illo
239 3745 577 3813 tempestivo'gladiatorum
588 3748 726 3799 convivio!
759 3749 795 3798 Et
806 3749 840 3798 de
850 3748 908 3812 ipso
926 3745 1010 3795 Verre
1020 3745 1038 3794 l.
1050 3758 1076 3793 v.
1086 3742 1124 3792 ait
1134 3755 1195 3791 eum
1205 3739 1213 3767 ‘
1225 3738 1295 3789 diem

184 3830 431 3891 meridianorum
444 3831 540 3893 stupris
550 3829 723 3882 contrivisse!
745 3828 936 3882 Quinotutsaas
948 3828 1095 3877 Declamat.
1105 3828 1163 3876 ⁸81.
1180 3822 1295 3885 ‘Neque

183 3911 252 3962 enim
263 3918 427 3962 senectutem
438 3910 524 3961 adfert
534 3925 647 3961 sammua
658 3911 723 3971 dies,
739 3911 787 3960 sed
802 3911 896 3976 longus
909 3907 973 3979 qrdo
983 3908 1061 3957 vitas:
1078 3920 1128 3956 nee
1139 3904 1296 3955 ebrietatem

184 3992 247 4045 facit
258 3994 304 4043 illa
313 3994 397 4058 potio,
407 4000 466 4058 post
481 4008 557 4060 quam
573 3981 763 4044 concidendum
775 3999 829 4054 est:
847 3992 894 4043 sed
906 3989 1089 4055 tempestivum
1100 3986 1255 4052 conririum,
1266 3990 1296 4033 et

185 4075 298 4127 aviditas
308 4075 404 4125 nimia!
438 4077 538 4125 Seneca
547 4075 592 4126 De
604 4076 657 4136 ira,
670 4077 687 4126 l.
699 4088 731 4126 ιι.
741 4079 784 4126 28.
800 4076 808 4106 ⁶
821 4074 915 4125 Aliena
932 4073 998 4123 vitia
1017 4073 1042 4121 in
1059 4071 1143 4120 oculis
1161 4068 1296 4138 habemur,

185 4165 289 4222 actergo
299 4164 389 4207 nostra
400 4164 470 4208 sunt.
501 4158 568 4207 Iade
579 4164 629 4220 ost,
638 4157 708 4223 quod
721 4156 878 4220 tempestiva
895 4153 944 4204 filii
962 4152 1080 4203 convitia
1091 4157 1169 4215 pater
1180 4146 1297 4197 deterior

181 4237 240 4290 flio
250 4239 381 4304 castigat!
414 4238 493 4289 Addo
502 4240 587 4301 Taciti
598 4240 682 4291 locum
694 4240 711 4291 Ι.
722 4253 754 4291 ιι.
766 4238 840 4289 Hist.
857 4238 865 4267 ‘
878 4235 1057 4287 Discubuerat
1067 4231 1188 4281 Vitellius
1198 4227 1296 4288 Ticini,

184 4319 348 4386 adhibitoad
366 4321 458 4386 epulas
468 4321 601 4386 Verginio.
634 4319 905 4390 ergastulorumque
925 4331 959 4393 ιιι
978 4313 1092 4367 moribus
1111 4313 1296 4392 imperatorum
