3042 4950
213 379 300 446 4484
558 394 588 440 J.
613 392 725 441 nrrsrr
753 390 954 449 uxounsus

292 494 299 515 Ι

210 530 314 605 tissime
325 534 495 587 ealruuniatus
506 534 626 591 modoad
644 542 757 589 statuam
769 535 892 600 Augusti,
902 535 979 601 ruodo
992 536 1024 587 ad
1037 536 1167 589 exercitus
1179 542 1319 608 confugere

211 618 297 681 uelle!
330 620 433 683 Resque
445 631 475 667 eo
494 618 587 680 evasit,
604 624 634 667 ut
654 632 705 667 uon
726 617 837 681 periculi
857 616 1026 682 solumfuga,
1046 620 1130 684 imago
1152 621 1324 686 Imperatoris=

213 706 291 763 esset,
301 699 348 748 sed
359 699 491 749 calumnias
502 698 612 748 occasio.
646 699 685 747 Ea
695 705 810 761 arrepta,
821 697 917 749 inferre
926 700 1042 763 injuriam
1054 702 1161 763 licebat,
1173 719 1224 755 non
1235 708 1322 761 solum

212 781 303 843 uitare.
337 780 417 829 Vides
429 780 506 830 hicio
518 780 625 831 Tacito:
652 786 678 829 et
691 781 823 844 eleganter
835 781 860 829 in
881 782 1041 833 Philostrato
1061 784 1102 833 De
1119 786 1173 834 vita
1184 786 1319 850 Apollonii

211 862 256 915 lib.
270 877 289 912 1.
323 861 425 925 ‘Erat,'
444 863 490 924 ait,
509 861 598 925 ‘apud
618 860 766 925 Aspendios
786 862 884 926 asylum
898 862 1007 923 Titurii,
1018 871 1163 929 statuaeque
1176 869 1321 929 sanctiores¹

210 944 260 995 iliis
272 944 298 992 iu
309 944 374 993 locis
386 943 634 1008 venerabilioresque
651 958 728 1008 quam
746 943 822 994 ‚lovis
835 944 951 1008 Olympii
963 945 1125 995 simulacrum
1137 947 1300 998 habebantur
1308 966 1322 999 z.

209 1025 289 1083 itaut
307 1025 449 1093 impietatis
467 1024 602 1075 damnatus
613 1023 716 1088 quddam
729 1023 824 1086 ¹suerit,
842 1025 910 1090 quod
930 1040 1032 1075 servum
1052 1043 1125 1077 suum
1144 1029 1317 1093 verberasset,

210 1105 254 1173 qui
264 1105 411 1155 drachmam
431 1111 581 1170 argenteam
591 1104 692 1154 Tiberii
712 1105 822 1173 imagine
843 1106 971 1175 signatam
983 1102 1125 1172 gestabat!
1154 1110 1247 1173 Itaque
1259 1100 1318 1161 sub'·

209 1192 336 1243 venerunt
347 1188 502 1250 moxleges:
521 1194 558 1250 et,
569 1187 629 1255 ‘'Ne
641 1187 672 1235 ad
684 1193 781 1238 statuas
794 1190 835 1237 rel
847 1189 971 1253 imagines
984 1191 1039 1254 quis
1051 1190 1194 1255 confugiat,
1204 1192 1317 1242 Senatus

210 1252 325 1328 censuit,
342 1282 451 1332 eumque
465 1267 507 1332 qui
524 1268 658 1332 imaginem
678 1270 787 1319 Caesaris
797 1270 832 1318 .in
852 1270 974 1320 iuvidiam
992 1272 1098 1321 alterius
1109 1273 1278 1336 praetulisset,
1288 1274 1316 1323 in

209 1349 412 1412 vinciapublica
424 1349 538 1399 coerceri
557 1349 642 1399 Divus
662 1350 725 1399 Pius
743 1352 878 1415 rescripsit
890 1351 906 1412 ;’
928 1353 967 1402 ait
978 1351 1143 1402 Callistratus
1155 1353 1200 1401 lib.
1213 1367 1321 1419 ιιιινιιι.Ι

209 1430 249 1479 De
257 1430 349 1494 poenis.
369 1430 419 1480 Sed
430 1436 457 1479 et
466 1437 559 1480 statuae
572 1431 686 1480 Deorum
699 1431 789 1481 eodem
797 1433 873 1496 jure:
885 1434 972 1500 itaque
982 1435 1134 1499 quibusdam
1146 1436 1318 1500 adscriptum,

121 1534 123 1538 ’
208 1511 233 1563 Α
244 1527 319 1565 servo
331 1527 381 1563 non
394 1512 475 1577 tangi.
493 1512 603 1575 Lauinii,
613 1527 757 1562 marmorea
768 1512 844 1578 basis,

686 1606 833 1643 MAVORTIO

720 1686 796 1727 SACR·
827 1724 828 1727 ,

666 1769 732 1807 noc.
750 1770 855 1807 stativs«

636 1850 666 1890 Ἆ.
683 1852 779 1889 SERVO.
795 1851 882 1889 TANG!

585 1954 588 1959 ·
678 1933 772 1971 NEFAS·
789 1932 846 1971 EST.

693 2112 777 2167 ,a

242 2248 310 2301 Cae.
327 2252 368 2299 ti.
386 2248 475 2298 Liceat
486 2245 627 2313 ἑιπιίρεργῳ
636 2247 721 2298 lucem
733 2246 821 2297 facere
833 2247 931 2311 optimo
949 2248 1081 2314 scriptori,
1093 2249 1137 2314 qni
1147 2264 1217 2315 sape
1229 2249 1313 2317 nobis.

207 2329 264 2395 Ego
275 2345 326 2380 non
338 2330 400 2380 alios
416 2330 567 2392 censuerim,
576 2330 670 2392 gladios
682 2330 826 2391 Drusianae,
837 2345 913 2394 qnam
924 2330 982 2379 iilos
994 2331 1086 2395 quibus
1099 2333 1137 2382 usi
1146 2333 1313 2398 gladiatores.
1345 2373 1350 2384 .

206 2410 269 2478 Mos¹
289 2411 368 2475 enim,
386 2411 535 2478 priusquam
555 2410 628 2476 paria
647 2409 881 2473 committerentur,
902 2416 932 2459 ut
950 2411 1021 2475 sicae,
1040 2413 1096 2462 sive
1115 2412 1196 2478 gladii
1218 2412 1313 2479 quibus

205 2493 354 2557 pugnaturi,
365 2493 466 2564 Editori
482 2492 586 2557 publice
604 2481 799 2555 exhiberentur,
810 2492 907 2567 satisne
925 2501 1013 2543 esseut
1028 2495 1106 2545 acuti.
1134 2496 1274 2546 Suetonius
1285 2496 1319 2549 in.

204 2572 276 2640 Tito,
287 2590 345 2639 cap.
357 2589 397 2627 rx.
415 2575 448 2626 de
459 2574 601 2639 conjuratis
623 2573 737 2623 duobus:
765 2574 910 2623 ‘Ceterum
930 2575 999 2637 ipsos
1020 2590 1072 2625 nou
1090 2576 1171 2625 solum
1193 2575 1314 2625 familiari
1340 2571 1343 2576 ’

204 2670 283 2705 canae
295 2657 422 2721 adlribuit,
433 2657 479 2707 sed
491 2663 519 2706 et
535 2655 682 2721 insequenti
698 2654 750 2716 die,
769 2655 943 2717 gladiatorum¹
962 2659 1124 2720 spectaculo,
1142 2658 1212 2708 circa
1230 2674 1258 2707 se
1278 2673 1313 2707 ex

194 2736 331 2787 »industria
342 2739 486 2801 collocatis,
497 2738 585 2787 oblata
596 2737 646 2787 sibi
658 2747 810 2788 ornamenta
822 2738 994 2801 pugnantium
1005 2738 1165 2803 inspicienda
1179 2739 1312 2803 porrexit!

115 2879 120 2892 .
203 2816 247 2864 Ad
269 2820 442 2882 quemiocurn
461 2818 525 2867 nihil
546 2819 636 2867 videre
656 2818 813 2881 interpretes
832 2817 912 2882 (quod
926 2832 973 2881 per
985 2820 1095 2881 gratiam
1112 2834 1201 2892 eorum
1209 2819 1311 2890 dicam)

203 2899 267 2950 scio.
291 2899 425 2963 Intellegit
434 2899 572 2949 Suetonius
584 2901 629 2949 hos
642 2899 711 2963 ipsos
723 2900 823 2962 gladios
836 2914 868 2947 ex
877 2914 947 2950 more
956 2900 1012 2963 jam
1025 2901 1113 2950 dicto:
1131 2902 1240 2965 ideoque
1251 2902 1317 2966 Vic-¹
1351 2959 1354 2965 ¹

203 2985 253 3042 tor,
271 2979 278 3006 ‘
291 2980 397 3043 petiisse
409 2995 467 3029 eum
478 2981 592 3044 gladium
602 2980 675 3043 dicit,
687 2982 759 3046 quasi
771 2981 804 3030 ad
816 2980 1000 3045 explorandam
1012 2982 1112 3032 aciem!
1134 2984 1185 3032 Sed
1195 2984 1317 3048 apertius,

201 3061 260 3123 ipae
271 3061 322 3116 Dio
333 3062 359 3110 in
379 3062 477 3127 Nerva,
487 3063 520 3111 de
533 3063 625 3112 Crasso
637 3068 665 3111 et
677 3062 833 3126 Calpurnio:
857 3061 1033 3125 Παρεκιιθίσατο
1045 3061 1071 3111 δὲ
1083 3062 1167 3112 αὐτοὺς
1178 3062 1203 3112 ἔν
1213 3082 1258 3113 τινι
1269 3062 1312 3129 θέᾳ

204 3140 346 3202 ἀγνοοῦνται
365 3140 401 3190 ὅτι
411 3141 609 3205 καταμεμήνυται,
619 3143 658 3198 καὶ
670 3141 753 3192 ἔδωκεν
771 3143 848 3192 αὐτοῖς
870 3143 934 3206 ξίφη,
945 3142 1012 3206 λόγῳ
1031 3143 1075 3205 μὲν
1091 3144 1120 3192 ’ἶν’
1141 3131 1314 3216 ἕπισκέψωνιαι

147 3281 153 3294 Ι
203 3222 273 3288 αὐτὰ,
284 3222 340 3288 ὅπερ
351 3224 415 3273 stote
425 3224 544 3289 γενέσθαι,
555 3225 575 3274 εἴ
586 3224 639 3292 ὀξέα
650 3225 724 3291 ἐστὶν,
736 3224 796 3289 ἔργῳ
808 3225 833 3275 δὲ
845 3224 1027 3287 ἐπιδεικνύμενος
1038 3226 1075 3274 ὅτι
1084 3225 1151 3274 οὐδὲν
1161 3228 1223 3288 αὐτῷ
1233 3224 1313 3291 μέλει,

202 3307 242 3367 ise.
279 3306 449 3369 Collocoailque
460 3321 497 3355 eos
507 3308 533 3358 iu
543 3291 672 3370 spectaculo
689 3310 790 3370 quodum
799 3309 873 3371 juata
888 3324 922 3368 se,
940 3309 1036 3370 ignaros
1055 3310 1115 3371 qaod
1122 3309 1214 3371 proditi
1227 3314 1317 3376 essent,

201 3385 379 3452 iisquegludios
398 3389 585 3450 cruentavere
596 3390 688 3453 quidem
708 3389 744 3437 uti
762 3389 904 3453 inspicerent
924 3379 1003 3453 (quud
1015 3389 1076 3455 fleri
1092 3390 1204 3452 solitum)
1221 3391 1316 3450 uliae,

201 3466 266 3514 couti
278 3471 364 3528 esseut,
374 3482 399 3515 re
410 3472 488 3516 eutem
500 3483 554 3518 rma
563 3473 590 3517 ut
600 3471 740 3533 ostenderet,
751 3472 792 3533 isc.
826 3471 923 3520 Caussa
935 3485 997 3534 ergo
1008 3470 1068 3520 huic
1080 3471 1153 3535 quasi
1164 3471 1311 3535 proverbio,

202 3547 342 3613 quodcum
361 3551 450 3599 Druso
471 3550 561 3600 crebro
579 3549 667 3599 edenti
687 3549 853 3615 gladiatores,
873 3551 952 3615 gladii
972 3553 1125 3615 explorandi
1137 3551 1317 3624 offerrenturz,

201 3640 253 3678 non
265 3629 403 3688 admittere
414 3632 504 3682 solitus
525 3632 575 3681 nisi
596 3632 759 3682 acutissimos
780 3633 822 3681 sit.
855 3633 919 3684 Jure
935 3621 998 3695 crgo
1009 3633 1051 3681 iile
1067 3634 1256 3699 sanguinarius:
1273 3635 1310 3684 le-

201 3710 317 3761 nissimus
329 3720 419 3763 contra
430 3716 468 3765 M.
478 3709 636 3782 Antoninus,
645 3715 689 3780 qui
699 3715 798 3781 gladios
807 3722 896 3765 acutos
907 3715 938 3764 iis
949 3729 998 3763 uon
1011 3715 1137 3780 permisit,
1145 3716 1191 3765 sed
1200 3716 1323 3782 hebetes.

202 3790 338 3843 dumtaxat
348 3802 376 3844 et
387 3795 501 3847 obtusos.

718 3996 754 4045 H.

233 4118 301 4167 Cae.
317 4122 358 4170 43.
375 4118 514 4172 Rhenanus
533 4124 560 4172 in
580 4124 708 4174 Oratione
725 4124 846 4187 Eumeuii
865 4124 996 4189 Rhetoris,
1013 4131 1130 4190 quaest:
1149 4126 1307 4179 ‘Mereatur

200 4202 228 4247 et
247 4197 318 4247 Galli
334 4201 427 4266 nostri,
446 4208 476 4252 ut
495 4219 583 4254 eorum
601 4204 690 4254 liberis
707 4220 814 4269 quorum
834 4204 928 4255 vitain
946 4205 1217 4269 Augustodunensium
1229 4208 1313 4274 opido

198 4275 317 4350 ingenuis
328 4280 427 4335 artibus
446 4285 574 4351 cruditur,
588 4286 647 4337 &cl
665 4293 757 4337 contra
775 4288 1052 4354 veterem-editionem
1074 4291 1214 4343 rescribere
1226 4289 1312 4368 audet*
