3042 4950
244 378 333 453 4510
603 402 633 452 r.
657 400 769 453 nrrsrr
796 402 991 465 munusue

133 580 135 587 ι
243 547 330 598 ‘Ecce
341 545 557 597 anauaVotorum
567 546 734 612 nuncupatio,
740 546 803 613 quid
814 547 932 598 ridetur?
947 548 1070 600 Primulo
1078 546 1223 616 principib,
1233 551 1347 605 ceceeda

245 627 427 705 inCapitcliir.
459 625 559 691 Accipe
575 634 634 691 pust
645 627 710 687 loca,
722 635 749 677 et
760 627 849 679 rerba.
883 628 962 679 Hunc
980 629 1027 680 tibi
1038 630 1144 695 Jupiter
1160 631 1252 683 bouem
1263 632 1347 683 cerul-

243 708 293 760 bns
313 714 375 759 turo
393 707 521 759 decoratlo
537 723 660 759 voremus
677 723 734 759 erae
751 707 886 760 futumm!
918 711 971 761 Ubl
988 716 1016 761 et
1035 709 1154 762 formulae
1165 727 1241 777 pars3
1259 714 1347 781 inqua

245 797 333 840 tamen
344 789 455 854 corrigo,
466 803 514 839 eure
525 788 658 851 sacrm
687 791 739 842 Est
748 792 818 842 enlm
829 806 860 842 eo
872 794 991 857 exemplo
1002 793 1111 857 dictum,
1122 810 1174 861 quo
1191 795 1254 845 iliud
1267 795 1349 847 Grac·

245 870 302 922 cbi:
318 870 424 921 ‘credo
447 885 496 936 ego
516 871 631 923 inimicos
649 886 720 924 meos
739 873 789 923 boc
808 873 958 924 dictnmm.'
992 875 1057 926 Dies
1077 875 1119 926 bic
1136 875 1239 941 publice
1256 877 1348 940 laetnor

244 949 356 1016 ideoque
370 950 472 1002 ‘AElius
494 951 583 1001 cesar
599 953 728 1003 Votomm
744 968 835 1005 caussa
855 956 889 1005 ab
912 955 1047 1007 Hadriano
1065 957 1148 1022 lugeri
1169 965 1212 1008 est
1230 959 1347 1010 vetitus!

244 1020 369 1083 'Eumdem
381 1033 458 1082 etlam
468 1033 599 1085 Sollennia
617 1033 699 1086 brais
716 1037 889 1102 appellamut.
922 1037 999 1089 Quod
1018 1037 1129 1089 observo
1147 1054 1180 1089 ex
1194 1040 1348 1091 Tertuliid

243 1113 284 1164 bis
295 1113 395 1164 verbis:
412 1116 420 1143 ‘
432 1114 508 1165 Verre
518 1116 650 1180 religionis
660 1118 776 1168 homiues
787 1118 867 1168 ctiam
877 1118 998 1168 solennia
1013 1118 1204 1183 Imperatoru-
1215 1121 1349 1172 conscien-

244 1195 283 1244 tia
293 1194 387 1259 potius,
397 1210 473 1260 quam
484 1197 591 1248 lascivia
601 1199 744 1251 celebrant.
760 1199 866 1250 Grande
877 1199 1006 1250 uidelicet
1012 1196 1125 1251 effidem
1135 1198 1243 1252 focoset
1253 1202 1347 1254 cbnrcs

244 1274 346 1340 [nescio
356 1287 399 1338 an,
410 1275 498 1340 ttorco,
510 1284 539 1328 ut
550 1278 582 1329 ad
593 1278 754 1330 lectisternia
765 1278 907 1346 referatur]
924 1279 952 1330 in
969 1280 1100 1345 publicum
1110 1280 1233 1347 educere,
1243 1282 1348 1335 vicatim

243 1356 354 1420 epulari,
374 1356 509 1408 civitatem
531 1358 647 1411 taberne
668 1360 760 1411 habitu
782 1359 954 1411 abolefacere.
994 1360 1122 1412 Haeccine
1143 1363 1272 1413 sollennes
1291 1363 1348 1415 dieo

244 1436 390 1503 principum
408 1436 514 1505 docnt,
529 1455 587 1506 qua
606 1441 670 1491 alios
687 1441 743 1491 dies
759 1457 811 1493 non
824 1442 939 1492 decent?
956 1441 981 1492 0
999 1457 1045 1493 nos
1060 1443 1154 1493 merito
1172 1443 1348 1497 damnandml

245 1517 298 1569 cnr
308 1517 376 1573 enim
387 1517 456 1571 Vota
465 1526 493 1572 et
504 1522 738 1586 encaeniarum
750 1523 817 1575 casti
824 1531 853 1575 et
861 1523 941 1575 sobrii
950 1531 979 1575 et
989 1524 1065 1590 probi
1076 1525 1272 1592 expungimus?
1322 1542 1326 1557 ³

403 2397 690 2479 EXCURSUS
706 2399 794 2480 AD
807 2398 951 2480 ΗΜ.
973 2399 1082 2482 LlB.
1104 2400 1182 2480 111.

776 2610 810 2662 Α.

272 2736 342 2789 Cur.
360 2742 386 2790 ll.
402 2738 541 2791 Cmnuur
554 2747 584 2791 ut
594 2741 788 2793 transmitteret
805 2741 833 2792 in
847 2740 954 2791 Italiam
973 2741 1078 2805 impune
1097 2745 1126 2791 et
1145 2755 1178 2791 eo
1195 2738 1347 2805 conform

238 2818 366 2881 scriptum
375 2820 490 2884 Aponio,
499 2829 529 2872 ut
540 2836 592 2872 uua
611 2838 670 2873 cnm
690 2820 801 2874 Moesico
817 2824 936 2874 exercitu
954 2824 1091 2873 celeraret.
1124 2821 1164 2873 Ac
1183 2834 1216 2871 ne
1234 2822 1349 2876 inm

238 2898 378 2962 prouinciae
389 2900 506 2952 barbaris
516 2903 662 2953 nationibus
673 2910 878 2967 exponerentur,
888 2903 1019 2967 principer
1030 2905 1205 2954 Sarmatarum
1215 2903 1346 2968 Jazyssun

238 2978 267 3030 in
286 2981 465 3052 commilitium
482 2983 590 3045 adsciti;
617 2985 721 3048 plebem
740 2998 843 3050 quoque
862 2991 891 3034 et
907 2984 959 3033 rim
977 2984 1093 3050 equitum
1111 2998 1162 3049 qua
1181 2984 1236 3033 sola
1257 2984 1344 3035 valent

237 3056 385 3111 offerebant
394 3077 410 3111 :¹
419 3063 554 3114 remissum
565 3064 592 3114 id
602 3079 693 3114 munus
713 3080 745 3116 ne
764 3066 834 3115 inter
854 3063 998 3115 discordias
1017 3072 1129 3115 externa
1139 3063 1301 3127 molirentur,
1312 3078 1344 3115 ac

237 3141 337 3206 majore
348 3156 382 3191 cx
398 3142 499 3195 diverso
510 3145 631 3196 mercede
644 3145 690 3210 jus
707 3143 801 3211 fasque
813 3152 949 3195 exuerent.
981 3144 1131 3194 Trabantur
1141 3145 1169 3193 in
1180 3151 1270 3208 partes
1280 3144 1344 3194 Sido

239 3226 318 3285 atque
330 3221 439 3273 Italicus
454 3239 530 3289 reges
540 3225 692 3287 suevorum,
703 3225 795 3291 quibus
815 3233 890 3275 vetus
906 3226 1056 3290 obsequium
1071 3240 1133 3291 erga
1152 3225 1228 3275 Rom.
1241 3230 1269 3275 et
1280 3240 1344 3290 gens

237 3299 299 3351 fidei
309 3303 451 3354 commissa
462 3304 603 3369 patientior
613 3323 620 3367 ;
640 3306 763 3371 opposita
774 3306 801 3355 in
812 3308 879 3356 latus
891 3307 995 3365 arixilia,
1013 3305 1109 3357 infesta
1120 3307 1215 3368 Raetia,
1226 3307 1269 3356 cni
1281 3307 1346 3355 Por·

237 3381 293 3436 eius
310 3383 453 3448 septimius
472 3393 627 3450 procurator
649 3394 708 3438 erat
727 3388 886 3453 incorrupte
910 3402 975 3452 erga
995 3386 1131 3437 Vitellium
1152 3386 1223 3438 fidei.
1256 3387 1343 3452 Igitur

236 3462 359 3515 Sextilius
369 3465 443 3515 Felix
455 3481 514 3517 cum
525 3469 568 3517 ala
576 3468 705 3518 Tauriana
716 3476 744 3518 et
755 3482 818 3518 arn.
831 3468 982 3519 cohortibus
993 3483 1023 3519 ac
1040 3468 1193 3519 Noricorum
1199 3469 1344 3532 juventute
1377 3498 1380 3501 >

230 3544 269 3598 ad
280 3547 460 3610 occupandum
473 3549 554 3613 ripam
566 3550 624 3601 AEni
632 3548 754 3613 fluminis,
765 3551 833 3615 quod
852 3552 942 3601 Raetcs
959 3551 1121 3615 Noricosque
1135 3548 1273 3613 interfluit,
1285 3550 1343 3600 mis·

236 3640 349 3689 sns,nec
360 3627 410 3678 illis
428 3636 474 3680 aut
491 3630 530 3681 luis
542 3631 662 3695 proelium
681 3632 844 3683 tentantibus
862 3630 967 3682 fortuna
986 3613 1100 3696 par'tium
1119 3631 1180 3681 alibi
1202 3637 1342 3681 mansacta.

235 3705 350 3757 Antonin
368 3709 515 3761 vexillarios
532 3727 548 3762 e
575 3712 722 3763 cohortibus
742 3720 771 3762 et
791 3719 894 3777 partem
919 3709 1035 3776 equitum
1054 3710 1167 3774 rapienti
1186 3725 1272 3760 comes
1292 3709 1343 3760 fuit

233 3783 327 3836 Arrius
338 3789 432 3853 Varus,
443 3797 561 3842 strenuus
574 3793 659 3855 bello,
675 3807 752 3858 qnam
764 3792 872 3856 gloriam
893 3798 921 3841 et
940 3790 993 3840 dux
1004 3791 1119 3842 Corbulo
1131 3796 1158 3840 et
1171 3805 1303 3855 prosperae
1315 3792 1342 3841 in

234 3864 358 3918 Armenia
368 3884 411 3919 res
422 3871 585 3925 addiderant.
619 3874 694 3928 Idem
706 3874 815 3924 secretis
827 3872 897 3936 apud
917 3873 1049 3922 Neronem
1068 3874 1229 3922 sermonibus
1240 3872 1342 3924 fereba-

234 3952 278 3997 tur
305 3949 459 4001 Corbulonis
484 3954 595 4005 virtutes
622 3957 781 4005 criminatus.
826 3953 903 4003 Unde
928 3952 1018 4005 infami
1040 3954 1125 4018 pratia
1146 3954 1341 4018 primumpilum

234 4026 341 4092 adepto,
353 4030 415 4080 laeta
423 4032 456 4081 ad
469 4047 583 4096 praeseus
592 4036 659 4085 male
671 4041 755 4099 parta,
764 4047 823 4083 mox
832 4034 859 4083 in
871 4035 1014 4097 perniciem
1026 4042 1136 4085 vertere.
1169 4035 1222 4085 Sed
1234 4036 1339 4084 Primus

234 4122 265 4158 ac
274 4108 358 4160 Vama
370 4121 529 4178 occupantes
538 4114 666 4182 Aquileiae
684 4114 803 4182 proxima
814 4129 934 4181 quaeque,
945 4123 973 4165 et
985 4114 1116 4180 Opitergii
1132 4123 1160 4165 et
1171 4116 1255 4166 Altini
1269 4115 1339 4166 laetis

235 4187 326 4238 animis
336 4191 509 4256 accipiuntur.
543 4195 674 4246 Relictam
685 4195 770 4246 Altini
789 4194 937 4260 praesidinm
949 4195 1072 4246 adversus
1083 4197 1193 4247 classem
1205 4193 1339 4248 Rauenna·

234 4274 297 4336 tem,
318 4271 431 4325 nondum
451 4272 601 4327 deiectione
617 4276 675 4340 ejus
693 4276 792 4328 audita.
824 4275 892 4327 lude
911 4276 1051 4329 Patavium
1064 4282 1093 4329 et
1108 4276 1202 4330 Ateste
1221 4277 1338 4345 partibus
