3042 4950
473 387 512 435 ru
541 388 611 436 usn.
636 388 686 438 vt.
711 388 931 451 snusnruu.
1168 375 1256 441 4493

279 861 564 939 excussus
591 865 669 939 nu
698 863 901 940 nunus.
930 827 1037 938 usn.
1061 864 1132 938 vs.

692 1071 726 1122 Α.

182 1201 250 1251 Cur».
267 1204 292 1252 2.
311 1200 391 1251 Onuu
402 1203 446 1266 qui
465 1202 580 1252 damnati
601 1202 729 1267 gravioris
740 1201 866 1264 criminis,
877 1207 940 1264 puta
951 1201 1111 1266 lilajestatis,
1130 1202 1255 1254 Perduel·

147 1281 413 1347 lionis,Tyrauuidis:
431 1300 481 1335 nou
493 1286 543 1349 ipsi
555 1286 635 1334 solum
650 1284 749 1334 adflicti
762 1292 790 1332 et
807 1284 912 1349 perditi,
927 1285 972 1332 sed
991 1300 1083 1334 nonren
1094 1292 1122 1334 et
1132 1285 1256 1335 memoria

147 1374 247 1415 eorum.
283 1367 427 1415 Deterrere
438 1382 527 1416 omnes
537 1384 551 1416 n
561 1368 637 1431 culpa
648 1367 724 1415 simili
735 1365 868 1428 volebant,
880 1381 929 1415 nnn
942 1382 1024 1430 poenae
1037 1367 1120 1429 modo,
1131 1367 1176 1415 sed
1185 1366 1254 1428 igno

148 1447 238 1497 minias
251 1454 332 1496 metu.
366 1448 459 1510 Itaque
476 1451 531 1498 lraec
544 1448 595 1498 duo
613 1447 668 1497 fere
680 1456 823 1510 usurpata:
841 1455 872 1497 nt
890 1462 983 1496 nomeu
1001 1447 1140 1511 deleretur,
1161 1455 1190 1496 ut
1201 1447 1255 1498 effi·

148 1530 205 1592 gies
228 1530 373 1581 tolleretur.
412 1533 454 1579 De
474 1531 587 1593 nornine,
610 1531 702 1579 Cicero
724 1530 820 1593 Philip.
844 1543 902 1578 xrs.
920 1544 978 1578 curn
1002 1528 1107 1578 Antonii
1127 1543 1219 1577 uonren
1240 1544 1255 1578 e

147 1610 233 1660 Fastis
244 1610 373 1660 sublatum
385 1612 493 1662 decreto
505 1617 614 1662 Senatus
627 1620 714 1661 esset:
731 1612 829 1675 ‘Cujus
843 1619 913 1660 totus
924 1596 1072 1660 consulatus
1091 1619 1131 1659 est
1151 1625 1184 1659 ex
1202 1626 1253 1660 om·

147 1691 176 1740 ni
188 1700 412 1757 monumentorum
424 1694 550 1742 memoria
561 1692 698 1742 reuulsus?
712 1693 811 1742 Noster
822 1692 866 1742 lib.
879 1706 910 1740 11.
921 1693 928 1720 ‘
941 1693 1043 1742 Nomen
1052 1692 1154 1741 Pisonis
1164 1691 1255 1741 raden-

148 1762 210 1822 dum
223 1774 310 1823 Fastis
322 1775 441 1825 censuit?
475 1774 638 1839 Lampridius
650 1774 675 1824 irs
696 1773 849 1837 Elignbnlo:
868 1773 987 1822 ‘Nomen
1007 1771 1135 1821 Antonini
1153 1772 1255 1821 einsurn

150 1860 202 1917 est,
218 1856 318 1906 Senatu
326 1856 454 1920 jubente.'
487 1857 626 1905 Radebaut
642 1856 735 1921 igitur:
755 1856 801 1905 sed
817 1862 844 1905 et
856 1870 926 1918 saepe
938 1855 1056 1904 contenti
1067 1862 1142 1903 erant
1153 1869 1200 1917 per
1212 1854 1256 1903 de·

149 1936 229 1986 decus
241 1938 356 1987 oblinere
368 1946 413 1986 aut
431 1938 523 1987 lutare.
558 1937 724 2001 Lampridius
735 1935 886 2000 Eligabalo:
902 1936 995 1985 ‘Misit
1006 1935 1049 2000 qui
1068 1941 1096 1985 et
1116 1936 1143 1983 in
1162 1934 1256 1985 castris

149 2024 295 2068 statuarum
308 2018 361 2082 ejus
373 2019 462 2068 titulos
480 2020 535 2068 luto
557 2024 686 2082 tegerent,
706 2023 736 2066 ut
747 2016 804 2066 lieri
817 2019 883 2067 solet
898 2016 931 2066 de
952 2017 1096 2079 Tyrannisss
1128 2017 1256 2066 Eusebius

149 2101 258 2164 pulchre
270 2098 344 2150 Eeel.
361 2100 462 2149 Histor.
475 2100 521 2149 lib.
531 2114 571 2149 rx.
584 2116 643 2163 cap.
655 2101 702 2150 ult.
720 2100 752 2149 de
772 2100 923 2149 Maxentio:
942 2097 1031 2162 Γροροί
1041 2116 1069 2146 τε
1079 2097 1132 2147 ὅσοι
1143 2096 1174 2149 eis
1185 2097 1256 2158 τιμὴν

148 2182 221 2230 abror)
234 2180 274 2230 ιιιιί
285 2183 332 2230 τῶν
343 2181 415 2229 αὐτοῦ
425 2180 512 2230 παίδοιν
522 2180 583 2230 κατὰ
594 2182 673 2230 πᾶσαν
683 2179 802 2230 ἀνέκειντο
807 2180 891 2249 πόλιν,
903 2181 928 2229 σί
936 2179 981 2241 μὲν
996 2181 1020 2242 ἐξ
1037 2181 1106 2245 ὕψους
1122 2178 1154 2229 eis
1171 2178 1256 2242 ἔδιιφυι

146 2264 298 2327 ῥιπτούμεναι
309 2262 484 2327 συνετρίβοντο,
504 2266 530 2312 σί
544 2262 570 2313 δὲ
579 2265 623 2314 τὰς
638 2264 763 2327 προσόψειι
773 2264 919 2327 ἡχρειοῦντο,
936 2265 1048 2324 σκοτεινῷ
1067 2262 1173 2327 χρώματι
1183 2278 1255 2311 uara·

147 2343 338 2407 μελιτούμενοιιι
356 2347 525 2409 inscriptiones
535 2347 607 2396 etiam
619 2353 643 2397 et
656 2348 731 2409 tituli,
753 2348 889 2412 quicumque
906 2346 989 2395 honori
1005 2346 1055 2406 einr
1072 2351 1113 2393 aut
1129 2344 1256 2394 liberorum

143 2431 307 2495 persingulas
318 2428 387 2477 urbes
400 2428 473 2492 positi
485 2435 563 2492 noui,
579 2430 670 2493 purtim
680 2444 692 2479 e
704 2428 799 2480 sublimi
816 2429 842 2477 in
863 2434 951 2478 terram
973 2427 1075 2476 detrusti
1095 2424 1254 2490 confractique

144 2516 218 2570 sanis
232 2513 325 2575 purtim
336 2517 361 2561 ut
373 2512 506 2561 sidentibus
518 2513 614 2561 inutiles
624 2512 725 2577 fierent,
736 2512 833 2561 obscuro
843 2513 942 2575 quodum
951 2511 1025 2558 colore
1036 2509 1130 2557 obducti
1141 2513 1165 2557 et
1175 2508 1256 2570 nigre·

137 2592 212 2652 sueti.
249 2593 287 2643 At
300 2594 332 2646 de
344 2592 430 2657 effigie
441 2593 527 2644 fracta
538 2601 566 2644 et
578 2594 685 2656 abolita,
704 2593 873 2646 Ambrosius:
891 2592 898 2619 ‘
911 2592 979 2640 Vide
993 2589 1214 2655 'quemadmodum
1226 2589 1254 2637 in

145 2675 297 2726 civitatibus
321 2677 444 2726 bonorum
464 2677 617 2741 Principum
638 2677 763 2740 imagines
781 2678 962 2741 perseverent,
979 2673 1114 2721 deleantur
1131 2679 1254 2735 tyranno-

145 2755 221 2807 rum!
258 2757 421 2820 Capitolinus
433 2756 460 2805 in
472 2757 627 2806 Gordianis:
646 2757 769 2806 ‘Statuas
789 2755 927 2805 blaximini
947 2754 1111 2818 dejecerunt,
1129 2752 1255 2817 imagines

146 2836 343 2901 perfregerunt,
355 2851 448 2886 nomen
462 2838 601 2901 publicitus
614 2837 769 2887 eraserunt.’
803 2837 890 2886 Livius
903 2836 936 2884 de
947 2834 1163 2884 Atheniensibus:
1181 2838 1188 2862 ⁴
1204 2835 1256 2883 Ro·

147 2920 279 2982 gailonem
291 2919 424 2982 extemplo
438 2920 565 2981 tulerunt,
578 2928 608 2969 ut
618 2920 735 2985 Philippi
747 2925 850 2980 statua,
863 2919 989 2982 imagines
1000 2931 1089 2966 omues
1100 2917 1255 2981 nominaque

147 3015 247 3062 earum,
257 3002 413 3051 tollerentur
424 3003 643 3067 delerenturque!
680 3003 830 3054 iuvenalis:
846 3003 854 3028 ⁴
865 3000 1020 3064 Frangeuda
1039 2999 1157 3048 miseram
1168 2998 1254 3048 foues·

145 3088 186 3132 tat
198 3083 311 3147 imagine
330 3082 452 3150 gentem!
486 3085 613 3134 Eusebius
626 3084 683 3134 loeo
696 3099 773 3148 quem
784 3083 854 3138 dixi:
872 3081 1024 3147 Ἀνδριάντον
1034 3100 1062 3130 τε
1074 3079 1156 3141 ὁμοίως
1173 3078 1255 3140 ὁπόσοι

146 3160 178 3212 sis
188 3163 234 3223 riu
245 3165 319 3214 αὐτοῦ
335 3166 405 3227 τιμὴν
415 3164 606 3228 διοινοστήκεσοιν,
623 3163 732 3216 uranos
749 3163 896 3228 ῥιπτούμενοι
915 3164 1096 3228 συνετρίβοντο..
1121 3161 1199 3211 Filios
1215 3161 1256 3211 stol

146 3247 226 3298 sutri
245 3250 297 3297 τοῖι
309 3246 437 3312 ἐνυβρίζειν
448 3246 487 3296 καί
500 3248 645 3311 ἐμποροινεῖν
654 3245 776 3300 ἐθέλουσιν
786 3246 928 3308 ἐκκείμενοιτ
946 3245 1040 3295 Ssuuae
1051 3245 1124 3295 etiam
1143 3248 1255 3307 quotquot

145 3325 171 3374 iss
181 3327 292 3384 bonorem
300 3329 365 3376 iilius
375 3327 477 3388 sumunt
488 3330 705 3390 westmunstier
713 3328 811 3394 dejecte
823 3333 847 3377 tt
856 3328 967 3391 protrita>
977 3333 1046 3375 mut:
1062 3343 1090 3375 ue
1111 3324 1213 3375 ludibrio
1232 3328 1255 3373 et

145 3407 230 3458 must
240 3409 354 3472 exposite
365 3410 466 3458 omnium
477 3411 517 3473 qssi
527 3410 617 3469 injurio
628 3415 652 3458 et
662 3410 794 3472 ι’ριιοιιιὶιιίο
804 3412 896 3475 affimm
906 3424 945 3458 eus
955 3410 1046 3458 οιίίσιιι.
1080 3409 1157 3458 Ratio
1168 3415 1255 3457 antem

145 3488 196 3538 ista
208 3490 332 3542 abolendi
343 3491 448 3554 duplex.
482 3491 568 3553 Prior,
580 3496 608 3541 ut
619 3491 738 3541 modeste
756 3491 785 3540 id
805 3491 891 3554 fieret,
906 3498 935 3541 et
947 3507 993 3555 per
1004 3492 1183 3554 magistratum
1195 3489 1255 3540 sub·

144 3578 343 3628 moverenture
361 3572 467 3636 publico
478 3578 629 3635 conspeetu.
664 3572 757 3622 Cicero
778 3572 803 3620 in
823 3573 932 3621 Verrem
945 3586 985 3621 tv.
1003 3571 1257 3634 ‘Centuripinorum

144 3651 257 3703 Senatus
270 3653 400 3714 decrevit,
412 3659 441 3702 ut
453 3665 510 3718 qua
523 3661 617 3701 statuat
630 3653 661 3701 C.
680 3653 771 3701 Verris
782 3653 862 3717 ipsius
881 3660 908 3702 et
931 3652 977 3702 tilii
999 3659 1093 3714 essent,
1112 3666 1157 3700 eas
1177 3653 1256 3703 Quae·

144 3740 230 3784 stores
242 3734 418 3785 demoliendas
431 3737 558 3794 locarent,
571 3735 683 3799 dumque
695 3749 727 3784 ea
739 3734 872 3785 demolitio
884 3735 968 3795 tieret,
988 3736 1126 3783 Senatores
1144 3748 1197 3782 nou
1209 3732 1256 3783 rui·

144 3828 192 3864 nus
203 3829 273 3864 xxx.
291 3815 432 3864 adessent!
465 3816 603 3865 Suetonius
611 3809 767 3872 ,Domitiano
778 3818 803 3864 :f
814 3817 926 3865 Senatus
936 3817 1018 3864 scalas
1031 3813 1255 3880 inferri,clypeos·

145 3911 194 3961 que
207 3903 234 3946 et
245 3897 372 3960 imagines
384 3898 439 3961 ejus
451 3911 537 3946 coram
550 3898 651 3947 detrahi
664 3905 691 3947 et
701 3897 781 3962 affligi
792 3899 847 3947 solo
856 3899 953 3961 jussit.'
987 3896 1091 3959 Altera,
1109 3902 1140 3946 nt
1151 3911 1199 3961 per
1209 3897 1257 3945 inr-

145 3985 244 4042 petam,
263 3986 292 4028 et
311 3986 366 4028 tnta
378 3993 419 4027 res
444 3979 643 4042 permitteretur
664 3977 746 4028 furori
758 3979 861 4028 cuidam
874 3979 988 4042 plebeio.
1021 3980 1086 4027 Tum
1109 3984 1254 4042 receptum,

144 4058 249 4124 laqueos
261 4061 355 4109 statuis
368 4062 504 4110 altioribus
516 4062 634 4125 injicere,
645 4068 723 4126 atque
735 4062 773 4111 ita
789 4062 938 4111 detrahere.
958 4061 1111 4113 iuvenalis:
1129 4060 1254 4109 ‘descen-

145 4140 211 4191 dunt
221 4149 328 4204 statuae,
339 4151 487 4208 restemque
498 4142 659 4207 sequuntur?
691 4144 803 4205 Seneca,
820 4159 866 4193 seu
877 4144 932 4209 quis
945 4144 1018 4207 alirn,
1036 4142 1062 4191 in
1083 4141 1204 4202 Octauia,
1220 4139 1255 4190 de

143 4223 236 4271 statuis
246 4223 389 4289 Poppaeae:
408 4224 542 4274 ‘membra
555 4240 602 4288 per
614 4232 704 4290 patres
717 4227 824 4276 trahunt
840 4226 965 4276 Deduota
983 4221 1099 4289 laqueis?
1132 4223 1175 4272 Ita
1186 4222 1254 4271 enim

144 4308 217 4355 reete
228 4303 285 4355 illic
295 4304 415 4369 legimus,
426 4320 479 4358 nou
489 4306 609 4358 Didonis.
643 4306 744 4358 Plinius
756 4306 880 4371 grapbiee
899 4307 948 4359 hoe
960 4312 1046 4357 totum
1057 4302 1186 4369 depingit,
1202 4301 1255 4354 Pa·
