3042 4950
209 362 297 429 4450
558 377 596 429 rs.
613 377 733 439 suasu
760 378 954 432 menaeus

209 527 289 592 umisa
306 523 404 589 κόμπου.
435 522 572 576 Describit
589 528 761 590 recensetque
777 524 889 590 iusignia
906 526 1178 594 omniapriucipstur:
1196 535 1221 581 tt
1236 544 1314 596 pase,
1403 532 1407 539 ’

209 613 258 676 ait,
269 610 372 675 musi
388 609 415 658 in
430 608 485 658 oola
503 608 577 670 sicut,
595 623 675 658 corne
690 608 853 672 stipatoribus,
872 624 953 659 msere
968 616 1032 660 necte
1048 611 1139 675 insigni
1152 627 1313 678 maraque,

208 693 267 747 item
278 670 651 757 montemtremitum,
661 682 857 754 sinitquetaxa.
891 693 928 741 Ut
938 705 1002 756 ergo
1013 693 1039 742 in
1050 692 1158 743 deorum
1177 695 1250 745 cultu
1261 693 1312 765 ‚etl-
1385 722 1391 735 ·

208 775 298 826 hibita
308 776 420 834 lucerna
432 771 604 837 facesque,ut
614 770 691 821 docui
701 770 726 820 iu
738 771 838 821 Electis
849 787 873 823 c.
883 776 908 823 t.
919 773 956 823 sic
968 773 1167 838 Imperatorum.
1208 774 1312 840 Opiuor

210 864 297 908 autem
315 855 423 905 Romam
441 851 590 903 traductum
609 865 705 901 morem
724 866 739 900 e
758 852 854 901 Persis.
891 854 996 903 illorum
1014 856 1081 905 euim
1101 857 1166 920 Regi
1184 857 1311 921 praelatus

208 938 285 1004 ignis.
318 936 463 1000 Xenophon
476 933 520 984 lib.
532 946 595 985 vlu,
605 931 727 984 nutrias:
759 933 805 983 Καὶ
815 935 861 999 πῦρ
876 933 1137 1002 brrodeurotidppnros
1155 938 1190 986 A?
1206 935 1311 1004 ἐσχάρας

207 1020 317 1086 μεγάλης
327 1014 407 1084 ἄνδρές
417 1017 511 1068 εἵποντο
527 1015 638 1082 φέροντες
648 1034 655 1067 s
679 1023 706 1067 et
717 1022 778 1081 pest
789 1017 874 1081 ignem
893 1018 964 1068 illum
976 1029 1080 1070 secutus
1091 1023 1181 1085 Cyrus.
1214 1021 1271 1071 Imo
1283 1028 1313 1072 et

208 1103 342 1166 Asiaticis,
354 1103 376 1153 si
388 1108 458 1152 recte
470 1100 546 1164 capio
557 1099 721 1150 Ammianum
732 1099 778 1150 lib.
790 1110 874 1150 xxrrr.
892 1101 900 1129 ‘
913 1102 1063 1166 Feruntque
1074 1102 1152 1152 etiam
1163 1103 1195 1167 (si
1210 1102 1311 1167 justum

209 1192 250 1237 est
263 1184 346 1248 credi)
355 1184 442 1248 ignem
452 1182 553 1233 caelitus
564 1182 663 1246 lapsum
674 1181 744 1247 apud
755 1196 784 1232 se
793 1182 957 1246 sempiternis
968 1181 1060 1233 foculis
1073 1182 1213 1236 custodiri:
1240 1184 1312 1250 cnjus

207 1268 353 1334 portionem
361 1265 481 1331 exiguam
495 1263 605 1314 faustam
617 1263 720 1328 praeisse
730 1264 858 1329 quondam
867 1263 989 1315 Asiaticis
999 1265 1103 1330 regibus
1112 1265 1214 1317 dicunt.
1246 1267 1312 1316 Dia·

208 1352 384 1401 demorantem
403 1347 500 1412 primus
520 1347 694 1396 Romanorum
712 1346 864 1410 Principum
883 1348 1020 1412 usurpavit
1035 1347 1214 1399 Aurelienusa
1228 1348 1266 1399 uti
1283 1348 1311 1398 in
1412 1405 1415 1409 ,

207 1435 263 1484 vita
273 1433 331 1497 ejus
341 1430 442 1509 ¹Victor.
477 1429 536 1479 Etsi
553 1428 614 1479 alibi
630 1430 697 1479 male
713 1426 741 1479 id
761 1427 846 1480 refert
858 1429 891 1480 ad
903 1429 1055 1495 Caligulam.
1088 1430 1236 1496 Purpuram
1255 1430 1312 1497 qais

207 1514 306 1577 primus
316 1512 464 1578 sumpserit,
472 1509 556 1567 adbuc
567 1523 665 1576 quaro.

742 1706 776 1759 Β.

239 1844 360 1897 Caelo.
393 1839 480 1891 ‘Cum
490 1837 619 1893 Antonius
633 1812 715 1889 uellet
732 1837 895 1892 seliburem
913 1847 1013 1905 patrem
1032 1841 1096 1906 diei,
1112 1846 1141 1892 et
1155 1800 1310 1895 bacnomsu
1344 1884 1347 1889 „

206 1925 299 1977 statuis
309 1921 450 1974 subscribi:
476 1910 647 1971 occurrerunt
664 1920 778 1973 venienti
796 1921 822 1970 ei
840 1920 1013 1975 Athenienses
1031 1923 1261 1991 enmoonjugibus
1278 1938 1309 1975 ac

203 2007 306 2069 liberis,
316 2010 343 2055 et
354 2002 507 2067 Dionysium
523 2002 709 2053 salutaverunt.
743 2003 817 2052 Beue
835 2003 886 2058 illis
904 2012 1028 2073 cesserat,
1038 2007 1060 2056 si
1071 2021 1148 2058 nasus
1159 2006 1264 2059 Atticus
1273 2005 1312 2056 ibi

204 2087 380 2140 substitissetz
404 2085 527 2134 dixerunt
546 2083 708 2148 despondere
729 2084 801 2150 ipsus
823 2078 1001 2153 [metimini]
1017 2089 1042 2138 iu
1054 2089 1242 2140 matrimonium
1259 2087 1310 2141 Mi-

203 2183 308 2223 nervam
319 2168 421 2217 Musam
433 2180 514 2239 suam,
525 2169 553 2214 et
563 2171 721 2229 rogaverunt
731 2171 761 2216 ut
772 2166 897 2217 duceret:
918 2173 945 2217 et
965 2167 1094 2219 Antonius
1106 2169 1144 2221 ait
1160 2170 1309 2234 duatumm,

204 2251 251 2301 sed
262 2247 582 2317 dotisnomiueimperars
601 2261 630 2296 se
647 2248 698 2298 illis
715 2248 786 2299 mille
798 2250 906 2300 talenta.
939 2250 1007 2300 Tum
1019 2265 1054 2300 ex
1064 2250 1308 2317 Graculisuip'dsm

203 2334 251 2382 nit.
253 2365 306 2383 ......
309 2330 378 2382 Huic
395 2328 686 2403 qrrrdemjmpuuemtt,
697 2331 744 2380 sed
754 2329 952 2383 Atheniensium
972 2333 1103 2396 sponsalia
1119 2333 1189 2387 mille
1203 2330 1310 2383 menna

168 2444 171 2454 ι
204 2413 335 2465 sesumam
352 2419 430 2463 sunt:
455 2404 513 2477 ques
525 2426 585 2462 cum
596 2413 774 2480 exigerentur,
790 2412 866 2463 multi
885 2414 1064 2467 contumeliosi
1080 2414 1162 2464 libelli
1181 2413 1310 2479 propositi

202 2503 272 2560 sunt,
280 2496 347 2546 sieut
357 2494 402 2544 ille
412 2493 456 2559 qui
465 2492 626 2558 subscriptus
638 2501 679 2545 est
690 2499 785 2545 statuae
797 2494 926 2559 ejus,curn
938 2496 1029 2547 eodem
1042 2503 1160 2561 tempore
1171 2493 1310 2548 Octauiam

201 2592 310 2630 uxorem
320 2576 428 2626 baberet
440 2581 467 2626 et
479 2575 660 2640 Cleopatram:
680 2576 739 2628 Hoc
750 2582 779 2627 tu
791 2576 863 2630 evita
872 2577 1003 2642 restituas,
1015 2578 1064 2628 tibi
1074 2576 1158 2628 habe?
1191 2577 1309 2638 Primum

202 2656 356 2708 offendimus
368 2657 394 2705 in
409 2657 529 2707 Minerva
544 2658 639 2707 Musa:
664 2657 784 2722 qnoniam
796 2671 879 2723 neque
896 2657 948 2708 Dio
967 2658 1083 2707 nominat
1094 2658 1120 2707 in
1132 2657 1181 2707 bac
1191 2656 1307 2720 historia,

186 2737 406 2797 ‘’amum'dixiaae
418 2746 573 2789 contentus:
597 2753 647 2788 nec
662 2727 811 2803 ¹cogitamen
830 2746 976 2789 nostrarum
995 2738 1104 2789 dearum
1119 2739 1175 2789 seio
1191 2738 1307 2790 alisend-

198 2819 306 2888 haesisse
315 2820 451 2870 Minervae.
484 2820 579 2884 Itaque
590 2819 698 2869 inducta
715 2835 746 2869 ea
757 2833 823 2871 voce
838 2822 934 2884 scribo,
944 2821 1079 2871 Mineruam
1089 2835 1172 2870 mum:
1187 2817 1307 2872 tramittit

201 2917 235 2952 ex
255 2899 541 2972 confusarepetitionc
559 2900 655 2949 litterae‘
674 2901 796 2966 vocisque
819 2903 961 2966 sequentis.
1004 2902 1037 2952 ln
1056 2916 1155 2951 summu
1172 2900 1307 2965 discrepat

200 2982 272 3035 idem
282 2984 346 3049 Dio,
355 2985 398 3050 qui
409 2981 494 3031 ἑκατὸν
503 2980 613 3046 μυριάδας
623 2973 765 3046 imperatas
774 2998 822 3046 pro
836 2984 898 3034 dote
907 2983 984 3047 ait,id
994 2990 1046 3047 est,
1054 2984 1170 3034 numano
1179 2983 1233 3032 ritu
1243 2981 1308 3034 H-S.

201 3065 366 3131 quadragies.
400 3065 475 3114 Mille
493 3070 581 3114 autem
593 3064 692 3113 talenta
710 3064 829 3129 Senecae,
845 3066 934 3129 paullo
952 3064 1036 3115 minus
1054 3063 1155 3116 faciunt
1169 3063 1306 3116 ducenties
1372 3049 1379 3062 ¹

196 3147 372 3212 quadragies:
400 3152 561 3196 sextotanto
582 3146 732 3196 immaniore
748 3162 856 3198 summa.
888 3150 987 3198 Tamen
1005 3161 1056 3196 non
1075 3153 1156 3197 muto.
1190 3146 1308 3198 Graaeuli

196 3225 295 3291 jocum,
314 3228 356 3278 cui
373 3227 487 3291 spatium
506 3241 623 3290 vacuum,
642 3227 718 3277 doleo
736 3228 844 3278 abesse:
870 3235 899 3278 ut
911 3229 1031 3279 Latinum
1041 3227 1175 3278 commode
1185 3228 1307 3291 restituo,

201 3307 305 3358 Octauia
322 3322 360 3356 res
375 3313 429 3356 tuus
446 3306 493 3355 tibi
513 3307 580 3357 iube.
614 3307 779 3374 Quicumque
791 3310 844 3371 ille,
853 3310 963 3359 comiter
977 3311 1084 3374 jocatus
1095 3315 1137 3359 est
1147 3324 1180 3358 ex
1193 3308 1307 3359 devortii

198 3377 309 3439 Romani
318 3385 411 3437 forme.
445 3386 510 3436 Cum
522 3389 590 3435 enim
608 3388 773 3452 Cleopatram
791 3396 891 3439 amaret
909 3389 1066 3456 haberetque
1077 3390 1221 3440 Antoninus
1244 3404 1307 3442 ecoe

199 3458 355 3533 subscripsit
366 3469 417 3518 iste
429 3470 503 3534 qnasi
513 3468 614 3520 nomine
620 3468 728 3520 Antonii
735 3472 872 3522 Octaviam
884 3473 1054 3535 repudiantis,
1065 3471 1238 3523 ‘Octavimes
1246 3477 1306 3522 tuas

194 3550 247 3602 tibi
257 3549 346 3601 baba?
371 3551 437 3601 Qua
448 3549 572 3599 sollennia
582 3550 608 3598 in
617 3551 704 3601 libello
716 3552 819 3617 repudii
831 3553 911 3601 verba
921 3551 1009 3615 fuisse,
1016 3552 1072 3616 jam
1083 3561 1181 3604 notum.
1206 3552 1307 3617 ¹Appu-

197 3631 280 3682 leius:
305 3630 364 3680 ‘Tu
391 3629 496 3695 quidem
514 3628 548 3680 ob
567 3630 637 3679 istud
655 3632 705 3695 [ita
726 3632 851 3696 emendo]
877 3641 931 3683 tam
949 3635 1034 3690 dirum
1048 3633 1150 3693 facinus
1168 3632 1306 3702 mam

194 3713 274 3764 thoro
284 3726 342 3760 meo
354 3710 464 3773 divorte,
478 3711 576 3777 tibique
588 3725 628 3761 ros
637 3718 695 3761 tuas
705 3713 819 3763 habesu’
1255 3753 1258 3756 a

158 3791 160 3795 ’
196 3855 199 3858 ¹
230 3793 263 3843 Iu
275 3795 380 3841 seneca
387 3793 449 3856 joco
461 3792 493 3841 de
506 3794 627 3842 Minerva
639 3794 724 3856 Musa,
735 3801 823 3854 mente
834 3809 904 3845 nouo
916 3804 944 3845 et
954 3811 1032 3846 manu
1044 3798 1188 3860 amplector
1196 3799 1305 3858 senta.

191 3875 262 3926 ‘tiam
273 3873 335 3925 dani
350 3873 402 3922 mei
420 3874 515 3936 Grotii,
527 3874 691 3925 amoenissimi
709 3881 737 3924 et
756 3876 898 3927 aeutissiusi
916 3879 974 3941 viri,
994 3878 1151 3941 reponentir,
1167 3877 1305 3932 Minoem

190 3955 324 4008 Marsicum·
358 3954 433 4006 Inter
450 3956 549 4006 nobiles
560 3956 671 4007 Athenis
683 3963 783 4006 statuas
798 3956 850 4006 fuit
861 3958 982 4009 Minerva
993 3960 1041 4009 boc
1052 3964 1242 4022 cognomento,
1264 3960 1304 4011 alc

191 4037 296 4101 vdicta,⁴
309 4037 428 4102 quioniam
438 4038 563 4089 dracones
574 4038 601 4090 in
610 4038 732 4102 Gorgone
744 4037 799 4104 ejus
812 4038 845 4090 ad
857 4039 925 4089 ictus
936 4039 1045 4096 citbarae
1057 4038 1155 4090 titrmtu
1162 4043 1305 4095 remnun'

200 4117 301 4175 Plinius
312 4127 391 4174 xxiv.
398 4123 424 4172 8.
