<?xml version="1.0" encoding="UTF-8"?>
<!DOCTYPE html PUBLIC "-//W3C//DTD XHTML 1.0 Transitional//EN"
    "http://www.w3.org/TR/xhtml1/DTD/xhtml1-transitional.dtd">
<html xmlns="http://www.w3.org/1999/xhtml" xml:lang="en" lang="en">
 <head>
  <title>
</title>
<meta http-equiv="Content-Type" content="text/html;charset=utf-8" />
  <meta name='ocr-system' content='tesseract 3.04.00' />
  <meta name='ocr-capabilities' content='ocr_page ocr_carea ocr_par ocr_line ocrx_word'/>
</head>
<body>
  <div class='ocr_page' id='page_1' title='image "./operaomnia00tacigoog/operaomnia00tacigoog_0036.png"; bbox 0 0 3042 4950; ppageno 0'>
   <div class='ocr_carea' id='block_1_1' title="bbox 209 321 963 390">
    <p class='ocr_par' dir='ltr' id='par_1_1' title="bbox 209 321 963 390">
     <span class='ocr_line' id='line_1_1' title="bbox 209 321 963 390; baseline -0.005 -5"><span class='ocrx_word' id='word_1_1' title='bbox 209 321 299 390; x_wconf 80' lang='grc'>4474</span> <span class='ocrx_word' id='word_1_2' title='bbox 563 335 593 385; x_wconf 83' lang='lat' dir='ltr'>r.</span> <span class='ocrx_word' id='word_1_3' title='bbox 616 334 729 386; x_wconf 79' lang='lat' dir='ltr'>uresu</span> <span class='ocrx_word' id='word_1_4' title='bbox 754 334 963 387; x_wconf 78' lang='lat' dir='ltr'>exeussus,</span> 
     </span>
    </p>
   </div>
   <div class='ocr_carea' id='block_1_2' title="bbox 210 476 1352 1276">
    <p class='ocr_par' dir='ltr' id='par_1_2' title="bbox 210 476 1352 1276">
     <span class='ocr_line' id='line_1_2' title="bbox 210 476 1311 547; baseline 0 -14"><span class='ocrx_word' id='word_1_5' title='bbox 210 484 236 533; x_wconf 89' lang='lat' dir='ltr'>in</span> <span class='ocrx_word' id='word_1_6' title='bbox 248 497 315 532; x_wconf 83' lang='lat' dir='ltr'>noxe</span> <span class='ocrx_word' id='word_1_7' title='bbox 333 483 403 530; x_wconf 89' lang='lat' dir='ltr'>esset</span> <span class='ocrx_word' id='word_1_8' title='bbox 425 483 544 530; x_wconf 80' lang='lat' dir='ltr'>ostonem</span> <span class='ocrx_word' id='word_1_9' title='bbox 561 478 646 529; x_wconf 85' lang='lat' dir='ltr'>ruauni</span> <span class='ocrx_word' id='word_1_10' title='bbox 661 476 764 529; x_wconf 78' lang='lat' dir='ltr'>dextre</span> <span class='ocrx_word' id='word_1_11' title='bbox 780 478 913 544; x_wconf 70' lang='lat' dir='ltr'>alligatam</span> <span class='ocrx_word' id='word_1_12' title='bbox 923 478 1040 545; x_wconf 75' lang='lat' dir='ltr'>heberet,</span> <span class='ocrx_word' id='word_1_13' title='bbox 1050 494 1107 547; x_wconf 77' lang='lat' dir='ltr'>que</span> <span class='ocrx_word' id='word_1_14' title='bbox 1118 479 1211 533; x_wconf 77' lang='lat' dir='ltr'>eedem</span> <span class='ocrx_word' id='word_1_15' title='bbox 1221 481 1311 533; x_wconf 86' lang='lat' dir='ltr'>militis</span> 
     </span>
     <span class='ocr_line' id='line_1_3' title="bbox 211 559 1314 628; baseline 0.002 -16"><span class='ocrx_word' id='word_1_16' title='bbox 211 563 341 612; x_wconf 78' lang='lat' dir='ltr'>sinistram</span> <span class='ocrx_word' id='word_1_17' title='bbox 363 561 473 611; x_wconf 81' lang='lat' dir='ltr'>vinciret</span> <span class='ocrx_word' id='word_1_18' title='bbox 491 559 615 611; x_wconf 85' lang='lat' dir='ltr'>custodire</span> <span class='ocrx_word' id='word_1_19' title='bbox 637 560 695 626; x_wconf 88' lang='lat' dir='ltr'>ejus</span> <span class='ocrx_word' id='word_1_20' title='bbox 716 559 844 625; x_wconf 73' lang='lat' dir='ltr'>prefecti.</span> <span class='ocrx_word' id='word_1_21' title='bbox 875 560 946 612; x_wconf 84' lang='lat' dir='ltr'>Setis</span> <span class='ocrx_word' id='word_1_22' title='bbox 957 568 1050 628; x_wconf 82' lang='lat' dir='ltr'>operte</span> <span class='ocrx_word' id='word_1_23' title='bbox 1067 565 1175 627; x_wconf 84' lang='lat' dir='ltr'>senece,</span> <span class='ocrx_word' id='word_1_24' title='bbox 1190 565 1230 614; x_wconf 88' lang='lat' dir='ltr'>De</span> <span class='ocrx_word' id='word_1_25' title='bbox 1242 571 1314 614; x_wconf 81' lang='lat' dir='ltr'>tran·</span> 
     </span>
     <span class='ocr_line' id='line_1_4' title="bbox 213 640 1315 709; baseline 0.003 -17"><span class='ocrx_word' id='word_1_26' title='bbox 213 644 343 709; x_wconf 82' lang='lat' dir='ltr'>quillitste</span> <span class='ocrx_word' id='word_1_27' title='bbox 354 643 398 693; x_wconf 93' lang='lat' dir='ltr'>lib.</span> <span class='ocrx_word' id='word_1_28' title='bbox 409 658 429 692; x_wconf 92' lang='lat'>1.</span> <span class='ocrx_word' id='word_1_29' title='bbox 441 657 499 706; x_wconf 84' lang='lat' dir='ltr'>cap.</span> <span class='ocrx_word' id='word_1_30' title='bbox 510 646 550 692; x_wconf 82' lang='lat' dir='ltr'>lo.</span> <span class='ocrx_word' id='word_1_31' title='bbox 567 647 574 671; x_wconf 86' lang='lat'>‘</span> <span class='ocrx_word' id='word_1_32' title='bbox 584 641 635 692; x_wconf 82' lang='lat' dir='ltr'>Sed</span> <span class='ocrx_word' id='word_1_33' title='bbox 647 641 710 707; x_wconf 87' lang='lat' dir='ltr'>quid</span> <span class='ocrx_word' id='word_1_34' title='bbox 721 640 821 692; x_wconf 78' lang='lat' dir='ltr'>referti</span> <span class='ocrx_word' id='word_1_35' title='bbox 830 642 922 693; x_wconf 84' lang='lat' dir='ltr'>cedem</span> <span class='ocrx_word' id='word_1_36' title='bbox 934 644 1052 695; x_wconf 84' lang='lat' dir='ltr'>custodis</span> <span class='ocrx_word' id='word_1_37' title='bbox 1062 645 1195 696; x_wconf 81' lang='lat' dir='ltr'>universos</span> <span class='ocrx_word' id='word_1_38' title='bbox 1206 645 1315 696; x_wconf 85' lang='lat' dir='ltr'>circum·</span> 
     </span>
     <span class='ocr_line' id='line_1_5' title="bbox 213 724 1314 790; baseline 0.003 -17"><span class='ocrx_word' id='word_1_39' title='bbox 213 725 294 788; x_wconf 85' lang='lat' dir='ltr'>dedit,</span> <span class='ocrx_word' id='word_1_40' title='bbox 317 725 465 790; x_wconf 78' lang='lat' dir='ltr'>alligatique</span> <span class='ocrx_word' id='word_1_41' title='bbox 483 730 544 773; x_wconf 87' lang='lat' dir='ltr'>sont</span> <span class='ocrx_word' id='word_1_42' title='bbox 565 724 644 774; x_wconf 86' lang='lat' dir='ltr'>etism</span> <span class='ocrx_word' id='word_1_43' title='bbox 662 724 707 789; x_wconf 86' lang='lat' dir='ltr'>qui</span> <span class='ocrx_word' id='word_1_44' title='bbox 727 724 907 788; x_wconf 72' lang='lat' dir='ltr'>alligaverunt.</span> <span class='ocrx_word' id='word_1_45' title='bbox 940 725 997 776; x_wconf 84' lang='lat' dir='ltr'>Nisi</span> <span class='ocrx_word' id='word_1_46' title='bbox 1016 732 1045 778; x_wconf 87' lang='lat' dir='ltr'>tn</span> <span class='ocrx_word' id='word_1_47' title='bbox 1061 725 1130 777; x_wconf 85' lang='lat' dir='ltr'>forte</span> <span class='ocrx_word' id='word_1_48' title='bbox 1144 726 1267 777; x_wconf 85' lang='lat' dir='ltr'>leviorem</span> <span class='ocrx_word' id='word_1_49' title='bbox 1285 727 1314 776; x_wconf 84' lang='lat' dir='ltr'>iu</span> 
     </span>
     <span class='ocr_line' id='line_1_6' title="bbox 212 805 1313 870; baseline 0.002 -15"><span class='ocrx_word' id='word_1_50' title='bbox 212 806 315 856; x_wconf 83' lang='lat' dir='ltr'>sinistro</span> <span class='ocrx_word' id='word_1_51' title='bbox 337 812 454 856; x_wconf 87' lang='lat' dir='ltr'>catenam</span> <span class='ocrx_word' id='word_1_52' title='bbox 476 806 566 870; x_wconf 67' lang='lat' dir='ltr'>putus!</span> <span class='ocrx_word' id='word_1_53' title='bbox 598 807 672 856; x_wconf 87' lang='lat' dir='ltr'>Idem</span> <span class='ocrx_word' id='word_1_54' title='bbox 695 805 773 870; x_wconf 86' lang='lat' dir='ltr'>epist.</span> <span class='ocrx_word' id='word_1_55' title='bbox 786 823 811 857; x_wconf 83' lang='lat' dir='ltr'>v.</span> <span class='ocrx_word' id='word_1_56' title='bbox 828 806 1071 858; x_wconf 74' lang='lat' dir='ltr'>‘Quemadmodum</span> <span class='ocrx_word' id='word_1_57' title='bbox 1081 806 1172 857; x_wconf 83' lang='lat' dir='ltr'>cedem</span> <span class='ocrx_word' id='word_1_58' title='bbox 1183 812 1313 859; x_wconf 79' lang='lat' dir='ltr'>cateueet</span> 
     </span>
     <span class='ocr_line' id='line_1_7' title="bbox 213 887 1352 954; baseline 0.003 -18"><span class='ocrx_word' id='word_1_59' title='bbox 213 888 345 938; x_wconf 87' lang='lat' dir='ltr'><strong>custodem</strong></span> <span class='ocrx_word' id='word_1_60' title='bbox 367 887 487 952; x_wconf 87' lang='lat' dir='ltr'>[emendo</span> <span class='ocrx_word' id='word_1_61' title='bbox 512 888 650 949; x_wconf 68' lang='lat' dir='ltr'>cummium,</span> <span class='ocrx_word' id='word_1_62' title='bbox 672 887 709 938; x_wconf 87' lang='lat' dir='ltr'>its</span> <span class='ocrx_word' id='word_1_63' title='bbox 728 888 796 937; x_wconf 88' lang='lat' dir='ltr'>euim</span> <span class='ocrx_word' id='word_1_64' title='bbox 819 888 875 952; x_wconf 90' lang='lat' dir='ltr'>ipse</span> <span class='ocrx_word' id='word_1_65' title='bbox 895 888 1015 954; x_wconf 81' lang='lat' dir='ltr'>captivus</span> <span class='ocrx_word' id='word_1_66' title='bbox 1036 889 1179 952; x_wconf 75' lang='lat' dir='ltr'>dicebatur,</span> <span class='ocrx_word' id='word_1_67' title='bbox 1204 894 1233 939; x_wconf 92' lang='lat' dir='ltr'>ut</span> <span class='ocrx_word' id='word_1_68' title='bbox 1251 903 1313 939; x_wconf 85' lang='lat' dir='ltr'>mox</span> <span class='ocrx_word' id='word_1_69' title='bbox 1345 898 1352 917; x_wconf 75' lang='lat'>⁸</span> 
     </span>
     <span class='ocr_line' id='line_1_8' title="bbox 212 968 1313 1034; baseline 0.001 -16"><span class='ocrx_word' id='word_1_70' title='bbox 212 969 324 1032; x_wconf 85' lang='lat' dir='ltr'><strong>docebo]</strong></span> <span class='ocrx_word' id='word_1_71' title='bbox 346 977 374 1019; x_wconf 91' lang='lat' dir='ltr'>et</span> <span class='ocrx_word' id='word_1_72' title='bbox 384 969 492 1019; x_wconf 88' lang='lat' dir='ltr'>militem</span> <span class='ocrx_word' id='word_1_73' title='bbox 504 970 628 1033; x_wconf 84' lang='lat' dir='ltr'>copulat3</span> <span class='ocrx_word' id='word_1_74' title='bbox 641 968 677 1018; x_wconf 89' lang='lat' dir='ltr'>sic</span> <span class='ocrx_word' id='word_1_75' title='bbox 694 968 746 1018; x_wconf 88' lang='lat' dir='ltr'>iste</span> <span class='ocrx_word' id='word_1_76' title='bbox 762 984 821 1033; x_wconf 80' lang='lat' dir='ltr'>quae</span> <span class='ocrx_word' id='word_1_77' title='bbox 833 976 884 1019; x_wconf 87' lang='lat' dir='ltr'>turn</span> <span class='ocrx_word' id='word_1_78' title='bbox 905 970 1040 1019; x_wconf 78' lang='lat' dir='ltr'>dissimilia</span> <span class='ocrx_word' id='word_1_79' title='bbox 1052 977 1122 1033; x_wconf 88' lang='lat' dir='ltr'>surrt,</span> <span class='ocrx_word' id='word_1_80' title='bbox 1133 970 1232 1034; x_wconf 83' lang='lat' dir='ltr'>puriter</span> <span class='ocrx_word' id='word_1_81' title='bbox 1244 969 1313 1020; x_wconf 88' lang='lat' dir='ltr'>iuce-</span> 
     </span>
     <span class='ocr_line' id='line_1_9' title="bbox 213 1048 1313 1113; baseline 0 -14"><span class='ocrx_word' id='word_1_82' title='bbox 213 1049 293 1099; x_wconf 77' lang='lat' dir='ltr'>duut&#39;</span> <span class='ocrx_word' id='word_1_83' title='bbox 327 1051 362 1099; x_wconf 88' lang='lat' dir='ltr'>Et</span> <span class='ocrx_word' id='word_1_84' title='bbox 382 1049 478 1111; x_wconf 91' lang='lat' dir='ltr'>optime</span> <span class='ocrx_word' id='word_1_85' title='bbox 498 1049 638 1098; x_wconf 77' lang='lat' dir='ltr'>Atheniens</span> <span class='ocrx_word' id='word_1_86' title='bbox 656 1048 722 1098; x_wconf 88' lang='lat' dir='ltr'>libro</span> <span class='ocrx_word' id='word_1_87' title='bbox 734 1064 760 1098; x_wconf 87' lang='lat' dir='ltr'>v.</span> <span class='ocrx_word' id='word_1_88' title='bbox 772 1064 831 1113; x_wconf 87' lang='lat' dir='ltr'>cap.</span> <span class='ocrx_word' id='word_1_89' title='bbox 844 1055 885 1100; x_wconf 91' lang='grc'>11.</span> <span class='ocrx_word' id='word_1_90' title='bbox 897 1050 941 1100; x_wconf 92' lang='lat' dir='ltr'>ubi</span> <span class='ocrx_word' id='word_1_91' title='bbox 952 1049 1081 1100; x_wconf 83' lang='lat' dir='ltr'>Athenion</span> <span class='ocrx_word' id='word_1_92' title='bbox 1097 1066 1138 1101; x_wconf 87' lang='lat' dir='ltr'>res</span> <span class='ocrx_word' id='word_1_93' title='bbox 1148 1051 1313 1101; x_wconf 71' lang='lat' dir='ltr'>Mithrenem</span> 
     </span>
     <span class='ocr_line' id='line_1_10' title="bbox 213 1128 1314 1197; baseline 0.002 -16"><span class='ocrx_word' id='word_1_94' title='bbox 213 1130 333 1182; x_wconf 77' lang='lat' dir='ltr'>extollit:</span> <span class='ocrx_word' id='word_1_95' title='bbox 352 1129 467 1192; x_wconf 72' lang='grc' dir='ltr'><strong><em>Ῥωμαίων</em></strong></span> <span class='ocrx_word' id='word_1_96' title='bbox 490 1130 516 1179; x_wconf 66' lang='grc' dir='ltr'>δὲ</span> <span class='ocrx_word' id='word_1_97' title='bbox 539 1129 674 1195; x_wconf 67' lang='grc' dir='ltr'><strong><em>στρατηγὸς</em></strong></span> <span class='ocrx_word' id='word_1_98' title='bbox 689 1128 733 1191; x_wconf 76' lang='grc' dir='ltr'>μὲν</span> <span class='ocrx_word' id='word_1_99' title='bbox 748 1130 1025 1194; x_wconf 61' lang='lat' dir='ltr'>numentanorum</span> <span class='ocrx_word' id='word_1_100' title='bbox 1046 1134 1060 1181; x_wconf 86' lang='lat' dir='ltr'>d</span> <span class='ocrx_word' id='word_1_101' title='bbox 1079 1132 1160 1183; x_wconf 74' lang='lat' dir='ltr'>inser</span> <span class='ocrx_word' id='word_1_102' title='bbox 1175 1129 1314 1197; x_wconf 72' lang='grc' dir='ltr'>παραδοθεὶς</span> 
     </span>
     <span class='ocr_line' id='line_1_11' title="bbox 212 1211 1315 1276; baseline 0 -13"><span class='ocrx_word' id='word_1_103' title='bbox 212 1215 338 1263; x_wconf 73' lang='grc' dir='ltr'><strong><em>ἀκολουθεῖ</em></strong></span> <span class='ocrx_word' id='word_1_104' title='bbox 345 1212 446 1276; x_wconf 72' lang='grc' dir='ltr'><strong><em>δέσμιος.</em></strong></span> <span class='ocrx_word' id='word_1_105' title='bbox 465 1211 570 1263; x_wconf 68' lang='lat' dir='ltr'>bidumos</span> <span class='ocrx_word' id='word_1_106' title='bbox 580 1212 606 1262; x_wconf 72' lang='grc' dir='ltr'>δὲ</span> <span class='ocrx_word' id='word_1_107' title='bbox 623 1212 747 1263; x_wconf 76' lang='grc' dir='ltr'>Ἀκύλλιος</span> <span class='ocrx_word' id='word_1_108' title='bbox 765 1214 922 1265; x_wconf 62' lang='lat' dir='ltr'>immernor</span> <span class='ocrx_word' id='word_1_109' title='bbox 939 1215 952 1264; x_wconf 83' lang='lat' dir='ltr'>d</span> <span class='ocrx_word' id='word_1_110' title='bbox 968 1213 1010 1265; x_wconf 73' lang='lat' dir='ltr'>riv</span> <span class='ocrx_word' id='word_1_111' title='bbox 1028 1213 1197 1266; x_wconf 66' lang='lat' dir='ltr'>tritossius</span> <span class='ocrx_word' id='word_1_112' title='bbox 1207 1231 1315 1276; x_wconf 59' lang='lat' dir='ltr'>terma·</span> 
     </span>
    </p>
   </div>
   <div class='ocr_carea' id='block_1_3' title="bbox 212 1292 1405 1362">
    <p class='ocr_par' dir='ltr' id='par_1_3' title="bbox 212 1292 1405 1362">
     <span class='ocr_line' id='line_1_12' title="bbox 212 1292 1405 1362; baseline 0 -16"><span class='ocrx_word' id='word_1_113' title='bbox 212 1296 261 1358; x_wconf 73' lang='grc' dir='ltr'>γὺν</span> <span class='ocrx_word' id='word_1_114' title='bbox 269 1294 388 1360; x_wconf 63' lang='grc' dir='ltr'><strong><em>θρίαμβον,</em></strong></span> <span class='ocrx_word' id='word_1_115' title='bbox 400 1292 513 1354; x_wconf 66' lang='grc' dir='ltr'><strong><em>συνδέτην</em></strong></span> <span class='ocrx_word' id='word_1_116' title='bbox 527 1294 590 1358; x_wconf 74' lang='grc' dir='ltr'><strong><em>ἔχων</em></strong></span> <span class='ocrx_word' id='word_1_117' title='bbox 601 1294 684 1346; x_wconf 69' lang='grc' dir='ltr'>ἁλύσει</span> <span class='ocrx_word' id='word_1_118' title='bbox 694 1298 773 1361; x_wconf 74' lang='grc' dir='ltr'><strong><em>μακρᾷ</em></strong></span> <span class='ocrx_word' id='word_1_119' title='bbox 792 1296 930 1362; x_wconf 64' lang='grc' dir='ltr'><strong><em>Βαστάρνην</em></strong></span> <span class='ocrx_word' id='word_1_120' title='bbox 941 1295 1105 1361; x_wconf 63' lang='grc' dir='ltr'><strong><em>πεντάπηχυν,</em></strong></span> <span class='ocrx_word' id='word_1_121' title='bbox 1113 1295 1185 1360; x_wconf 72' lang='grc' dir='ltr'><strong><em>πεζὸς</em></strong></span> <span class='ocrx_word' id='word_1_122' title='bbox 1193 1295 1237 1345; x_wconf 73' lang='lat' dir='ltr'>iri</span> <span class='ocrx_word' id='word_1_123' title='bbox 1246 1293 1315 1346; x_wconf 66' lang='lat' dir='ltr'>irri-</span> <span class='ocrx_word' id='word_1_124' title='bbox 1400 1324 1405 1334; x_wconf 69' lang='grc'><strong><em>«</em></strong></span> 
     </span>
    </p>
   </div>
   <div class='ocr_carea' id='block_1_4' title="bbox 211 1376 1320 3227">
    <p class='ocr_par' dir='ltr' id='par_1_4' title="bbox 211 1376 1320 3227">
     <span class='ocr_line' id='line_1_13' title="bbox 213 1376 1314 1444; baseline 0 -18"><span class='ocrx_word' id='word_1_125' title='bbox 213 1376 353 1428; x_wconf 70' lang='lat' dir='ltr'>erinnem.</span> <span class='ocrx_word' id='word_1_126' title='bbox 383 1378 420 1427; x_wconf 89' lang='lat' dir='ltr'>Id</span> <span class='ocrx_word' id='word_1_127' title='bbox 431 1384 481 1440; x_wconf 87' lang='lat' dir='ltr'>est,</span> <span class='ocrx_word' id='word_1_128' title='bbox 493 1378 517 1426; x_wconf 86' lang='grc' dir='ltr'><em>Ε</em></span> <span class='ocrx_word' id='word_1_129' title='bbox 527 1378 827 1441; x_wconf 64' lang='lat' dir='ltr'>emmerammus</span> <span class='ocrx_word' id='word_1_130' title='bbox 841 1379 984 1443; x_wconf 82' lang='lat' dir='ltr'>Pumplu&#39;iioe</span> <span class='ocrx_word' id='word_1_131' title='bbox 993 1380 1026 1436; x_wconf 83' lang='lat' dir='ltr'>Q.</span> <span class='ocrx_word' id='word_1_132' title='bbox 1044 1379 1145 1442; x_wconf 79' lang='lat' dir='ltr'>Oppios,</span> <span class='ocrx_word' id='word_1_133' title='bbox 1156 1377 1233 1444; x_wconf 90' lang='lat' dir='ltr'>(male</span> <span class='ocrx_word' id='word_1_134' title='bbox 1244 1377 1314 1427; x_wconf 88' lang='lat' dir='ltr'>euim</span> 
     </span>
     <span class='ocr_line' id='line_1_14' title="bbox 212 1457 1315 1525; baseline 0 -17"><span class='ocrx_word' id='word_1_135' title='bbox 212 1461 239 1508; x_wconf 90' lang='lat' dir='ltr'>in</span> <span class='ocrx_word' id='word_1_136' title='bbox 262 1460 366 1522; x_wconf 81' lang='lat' dir='ltr'>Graeco,</span> <span class='ocrx_word' id='word_1_137' title='bbox 384 1458 476 1525; x_wconf 76' lang='lat' dir='ltr'>irrisor)</span> <span class='ocrx_word' id='word_1_138' title='bbox 496 1460 615 1509; x_wconf 76' lang='lat' dir='ltr'>deditione</span> <span class='ocrx_word' id='word_1_139' title='bbox 635 1465 749 1524; x_wconf 81' lang='lat' dir='ltr'>acceptus,</span> <span class='ocrx_word' id='word_1_140' title='bbox 772 1461 878 1524; x_wconf 72' lang='lat' dir='ltr'>sequitur</span> <span class='ocrx_word' id='word_1_141' title='bbox 892 1461 918 1510; x_wconf 80' lang='lat' dir='ltr'>in</span> <span class='ocrx_word' id='word_1_142' title='bbox 936 1461 1029 1511; x_wconf 80' lang='lat' dir='ltr'>uinclis.</span> <span class='ocrx_word' id='word_1_143' title='bbox 1054 1460 1153 1510; x_wconf 81' lang='lat' dir='ltr'>Murrius</span> <span class='ocrx_word' id='word_1_144' title='bbox 1170 1465 1248 1508; x_wconf 79' lang='lat' dir='ltr'>ostem</span> <span class='ocrx_word' id='word_1_145' title='bbox 1262 1457 1315 1524; x_wconf 73' lang='lat' dir='ltr'>(ita</span> 
     </span>
     <span class='ocr_line' id='line_1_15' title="bbox 212 1539 1315 1606; baseline -0.001 -17"><span class='ocrx_word' id='word_1_146' title='bbox 212 1541 321 1605; x_wconf 78' lang='lat' dir='ltr'>corrige,</span> <span class='ocrx_word' id='word_1_147' title='bbox 332 1556 384 1591; x_wconf 88' lang='lat' dir='ltr'>uon</span> <span class='ocrx_word' id='word_1_148' title='bbox 395 1539 512 1605; x_wconf 75' lang='lat' dir='ltr'>Mdonros)</span> <span class='ocrx_word' id='word_1_149' title='bbox 522 1540 633 1605; x_wconf 73' lang='lat' dir='ltr'>Aquilius</span> <span class='ocrx_word' id='word_1_150' title='bbox 642 1543 779 1605; x_wconf 78' lang='lat' dir='ltr'>consuturis,</span> <span class='ocrx_word' id='word_1_151' title='bbox 796 1544 838 1606; x_wconf 82' lang='lat' dir='ltr'>qni</span> <span class='ocrx_word' id='word_1_152' title='bbox 847 1545 876 1592; x_wconf 84' lang='lat' dir='ltr'>de</span> <span class='ocrx_word' id='word_1_153' title='bbox 893 1542 982 1592; x_wconf 77' lang='lat' dir='ltr'>Sicelis</span> <span class='ocrx_word' id='word_1_154' title='bbox 999 1541 1167 1605; x_wconf 78' lang='lat' dir='ltr'>trismpbooit,</span> <span class='ocrx_word' id='word_1_155' title='bbox 1176 1541 1315 1602; x_wconf 69' lang='lat' dir='ltr'>colligatum</span> 
     </span>
     <span class='ocr_line' id='line_1_16' title="bbox 211 1621 1316 1688; baseline 0.001 -18"><span class='ocrx_word' id='word_1_156' title='bbox 211 1637 289 1671; x_wconf 82' lang='lat' dir='ltr'>tecum</span> <span class='ocrx_word' id='word_1_157' title='bbox 298 1622 385 1672; x_wconf 78' lang='lat' dir='ltr'>iuberis</span> <span class='ocrx_word' id='word_1_158' title='bbox 393 1624 464 1685; x_wconf 81' lang='lat' dir='ltr'>longo</span> <span class='ocrx_word' id='word_1_159' title='bbox 479 1627 562 1672; x_wconf 82' lang='lat' dir='ltr'>caleno</span> <span class='ocrx_word' id='word_1_160' title='bbox 571 1624 718 1673; x_wconf 82' lang='lat' dir='ltr'>Busturnom</span> <span class='ocrx_word' id='word_1_161' title='bbox 729 1625 851 1688; x_wconf 83' lang='lat' dir='ltr'>quemdum</span> <span class='ocrx_word' id='word_1_162' title='bbox 862 1624 962 1688; x_wconf 71' lang='lat' dir='ltr'>ordoque</span> <span class='ocrx_word' id='word_1_163' title='bbox 971 1623 1186 1687; x_wconf 76' lang='lat' dir='ltr'>cubitorum,psdes</span> <span class='ocrx_word' id='word_1_164' title='bbox 1195 1621 1226 1670; x_wconf 85' lang='lat' dir='ltr'>ub</span> <span class='ocrx_word' id='word_1_165' title='bbox 1236 1622 1316 1685; x_wconf 79' lang='lat' dir='ltr'>equite</span> 
     </span>
     <span class='ocr_line' id='line_1_17' title="bbox 212 1703 1318 1768; baseline -0.003 -16"><span class='ocrx_word' id='word_1_166' title='bbox 212 1703 327 1754; x_wconf 80' lang='lat' dir='ltr'>truditur.</span> <span class='ocrx_word' id='word_1_167' title='bbox 360 1703 427 1753; x_wconf 86' lang='lat' dir='ltr'>Num</span> <span class='ocrx_word' id='word_1_168' title='bbox 439 1704 476 1753; x_wconf 84' lang='lat' dir='ltr'>ita</span> <span class='ocrx_word' id='word_1_169' title='bbox 485 1719 533 1768; x_wconf 79' lang='lat' dir='ltr'>ego</span> <span class='ocrx_word' id='word_1_170' title='bbox 545 1718 606 1753; x_wconf 84' lang='lat' dir='ltr'>vere</span> <span class='ocrx_word' id='word_1_171' title='bbox 613 1705 786 1768; x_wconf 86' lang='lat' dir='ltr'>interpretor:</span> <span class='ocrx_word' id='word_1_172' title='bbox 800 1704 901 1754; x_wconf 81' lang='lat' dir='ltr'>Natalis</span> <span class='ocrx_word' id='word_1_173' title='bbox 908 1704 1013 1767; x_wconf 85' lang='lat' dir='ltr'>insulse,</span> <span class='ocrx_word' id='word_1_174' title='bbox 1020 1703 1104 1766; x_wconf 80' lang='lat' dir='ltr'>fatue,</span> <span class='ocrx_word' id='word_1_175' title='bbox 1112 1703 1215 1753; x_wconf 85' lang='lat' dir='ltr'>alienu:</span> <span class='ocrx_word' id='word_1_176' title='bbox 1229 1714 1318 1767; x_wconf 85' lang='lat' dir='ltr'>quem,</span> 
     </span>
     <span class='ocr_line' id='line_1_18' title="bbox 213 1776 1316 1849; baseline -0.001 -17"><span class='ocrx_word' id='word_1_177' title='bbox 213 1784 234 1832; x_wconf 89' lang='lat' dir='ltr'>si</span> <span class='ocrx_word' id='word_1_178' title='bbox 257 1784 337 1834; x_wconf 88' lang='lat' dir='ltr'>libido</span> <span class='ocrx_word' id='word_1_179' title='bbox 357 1783 458 1835; x_wconf 88' lang='lat' dir='ltr'>ridendi</span> <span class='ocrx_word' id='word_1_180' title='bbox 477 1789 527 1847; x_wconf 87' lang='lat' dir='ltr'>est,</span> <span class='ocrx_word' id='word_1_181' title='bbox 544 1776 616 1834; x_wconf 42' lang='lat' dir='ltr'>vide*</span> <span class='ocrx_word' id='word_1_182' title='bbox 648 1784 737 1834; x_wconf 90' lang='lat' dir='ltr'>Simile</span> <span class='ocrx_word' id='word_1_183' title='bbox 755 1791 796 1834; x_wconf 87' lang='lat' dir='ltr'>est</span> <span class='ocrx_word' id='word_1_184' title='bbox 815 1785 884 1849; x_wconf 90' lang='lat' dir='ltr'>quod</span> <span class='ocrx_word' id='word_1_185' title='bbox 900 1784 1131 1849; x_wconf 81' lang='lat' dir='ltr'>Josepbusnarrst</span> <span class='ocrx_word' id='word_1_186' title='bbox 1147 1784 1214 1834; x_wconf 89' lang='lat' dir='ltr'>libro</span> <span class='ocrx_word' id='word_1_187' title='bbox 1231 1794 1316 1832; x_wconf 82' lang='lat' dir='ltr'>xrrrr.</span> 
     </span>
     <span class='ocr_line' id='line_1_19' title="bbox 213 1863 1318 1930; baseline -0.002 -17"><span class='ocrx_word' id='word_1_188' title='bbox 213 1877 271 1928; x_wconf 87' lang='lat' dir='ltr'>esp.</span> <span class='ocrx_word' id='word_1_189' title='bbox 283 1870 324 1915; x_wconf 77' lang='lat'>1³.</span> <span class='ocrx_word' id='word_1_190' title='bbox 336 1865 369 1914; x_wconf 90' lang='lat' dir='ltr'>de</span> <span class='ocrx_word' id='word_1_191' title='bbox 381 1863 486 1930; x_wconf 79' lang='lat' dir='ltr'>captivo</span> <span class='ocrx_word' id='word_1_192' title='bbox 497 1865 614 1929; x_wconf 79' lang='lat' dir='ltr'>Agrippa</span> <span class='ocrx_word' id='word_1_193' title='bbox 624 1880 685 1930; x_wconf 77' lang='lat' dir='ltr'>rege</span> <span class='ocrx_word' id='word_1_194' title='bbox 697 1883 703 1916; x_wconf 92' lang='lat'><strong>:</strong></span> <span class='ocrx_word' id='word_1_195' title='bbox 720 1867 728 1893; x_wconf 87' lang='lat'>‘</span> <span class='ocrx_word' id='word_1_196' title='bbox 740 1866 925 1917; x_wconf 83' lang='lat' dir='ltr'>centurionem</span> <span class='ocrx_word' id='word_1_197' title='bbox 942 1866 981 1916; x_wconf 92' lang='lat' dir='ltr'>illi</span> <span class='ocrx_word' id='word_1_198' title='bbox 1000 1866 1062 1917; x_wconf 85' lang='lat' dir='ltr'>satis</span> <span class='ocrx_word' id='word_1_199' title='bbox 1080 1865 1220 1930; x_wconf 77' lang='lat' dir='ltr'>benignum</span> <span class='ocrx_word' id='word_1_200' title='bbox 1236 1877 1318 1927; x_wconf 89' lang='lat' dir='ltr'>appo-</span> 
     </span>
     <span class='ocr_line' id='line_1_20' title="bbox 212 1946 1319 2012; baseline -0.003 -17"><span class='ocrx_word' id='word_1_201' title='bbox 212 1947 299 2009; x_wconf 87' lang='lat' dir='ltr'>situm,</span> <span class='ocrx_word' id='word_1_202' title='bbox 308 1953 336 1996; x_wconf 87' lang='lat' dir='ltr'>ot</span> <span class='ocrx_word' id='word_1_203' title='bbox 344 1947 452 1997; x_wconf 90' lang='lat' dir='ltr'>militem</span> <span class='ocrx_word' id='word_1_204' title='bbox 462 1960 521 1996; x_wconf 82' lang='lat' dir='ltr'>oum</span> <span class='ocrx_word' id='word_1_205' title='bbox 529 1962 580 2012; x_wconf 89' lang='lat' dir='ltr'>quo</span> <span class='ocrx_word' id='word_1_206' title='bbox 592 1947 735 1997; x_wconf 87' lang='lat' dir='ltr'>vinciretur</span> <span class='ocrx_word' id='word_1_207' title='bbox 746 1947 901 1998; x_wconf 62' lang='lat' dir='ltr'>humanum!</span> <span class='ocrx_word' id='word_1_208' title='bbox 934 1947 1093 2011; x_wconf 79' lang='lat' dir='ltr'>Augustinus</span> <span class='ocrx_word' id='word_1_209' title='bbox 1110 1947 1135 1996; x_wconf 92' lang='lat' dir='ltr'>iu</span> <span class='ocrx_word' id='word_1_210' title='bbox 1149 1947 1246 1996; x_wconf 86' lang='lat' dir='ltr'>Psulm.</span> <span class='ocrx_word' id='word_1_211' title='bbox 1258 1946 1319 1993; x_wconf 80' lang='lat'><strong>128.</strong></span> 
     </span>
     <span class='ocr_line' id='line_1_21' title="bbox 211 2026 1319 2092; baseline -0.002 -16"><span class='ocrx_word' id='word_1_212' title='bbox 211 2028 219 2054; x_wconf 76' lang='lat'><em>⁴</em></span> <span class='ocrx_word' id='word_1_213' title='bbox 231 2026 355 2092; x_wconf 72' lang='lat' dir='ltr'>Ligaut&#39;ur</span> <span class='ocrx_word' id='word_1_214' title='bbox 366 2027 418 2077; x_wconf 92' lang='lat' dir='ltr'>duo</span> <span class='ocrx_word' id='word_1_215' title='bbox 434 2034 462 2078; x_wconf 89' lang='lat' dir='ltr'>et</span> <span class='ocrx_word' id='word_1_216' title='bbox 471 2027 609 2078; x_wconf 88' lang='lat' dir='ltr'>mittuntur</span> <span class='ocrx_word' id='word_1_217' title='bbox 621 2027 654 2077; x_wconf 82' lang='lat' dir='ltr'>ad</span> <span class='ocrx_word' id='word_1_218' title='bbox 666 2028 793 2092; x_wconf 89' lang='lat' dir='ltr'>judicem,</span> <span class='ocrx_word' id='word_1_219' title='bbox 809 2028 885 2087; x_wconf 88' lang='lat' dir='ltr'>latro,</span> <span class='ocrx_word' id='word_1_220' title='bbox 897 2034 925 2078; x_wconf 90' lang='lat' dir='ltr'>et</span> <span class='ocrx_word' id='word_1_221' title='bbox 935 2028 1087 2091; x_wconf 59' lang='lat' dir='ltr'>colligatum</span> <span class='ocrx_word' id='word_1_222' title='bbox 1108 2026 1153 2077; x_wconf 91' lang='lat' dir='ltr'>ille</span> <span class='ocrx_word' id='word_1_223' title='bbox 1162 2026 1319 2086; x_wconf 74' lang='lat' dir='ltr'>sceleratus,</span> 
     </span>
     <span class='ocr_line' id='line_1_22' title="bbox 211 2098 1318 2173; baseline -0.001 -17"><span class='ocrx_word' id='word_1_224' title='bbox 211 2108 263 2158; x_wconf 89' lang='lat' dir='ltr'>iste</span> <span class='ocrx_word' id='word_1_225' title='bbox 274 2109 404 2172; x_wconf 75' lang='lat' dir='ltr'>innocens,</span> <span class='ocrx_word' id='word_1_226' title='bbox 426 2124 477 2159; x_wconf 82' lang='lat' dir='ltr'>rana</span> <span class='ocrx_word' id='word_1_227' title='bbox 496 2115 587 2159; x_wconf 78' lang='lat' dir='ltr'>catena</span> <span class='ocrx_word' id='word_1_228' title='bbox 603 2108 728 2173; x_wconf 84' lang='lat' dir='ltr'>ligentur,</span> <span class='ocrx_word' id='word_1_229' title='bbox 738 2115 767 2158; x_wconf 87' lang='lat' dir='ltr'>et</span> <span class='ocrx_word' id='word_1_230' title='bbox 777 2109 852 2171; x_wconf 85' lang='lat' dir='ltr'>louge</span> <span class='ocrx_word' id='word_1_231' title='bbox 865 2116 925 2158; x_wconf 89' lang='lat' dir='ltr'>suut</span> <span class='ocrx_word' id='word_1_232' title='bbox 936 2125 952 2158; x_wconf 86' lang='lat' dir='ltr'>a</span> <span class='ocrx_word' id='word_1_233' title='bbox 963 2108 1037 2158; x_wconf 68' lang='lat' dir='ltr'>sese?</span> <span class='ocrx_word' id='word_1_234' title='bbox 1070 2107 1157 2170; x_wconf 85' lang='lat' dir='ltr'>Addo,</span> <span class='ocrx_word' id='word_1_235' title='bbox 1169 2098 1318 2169; x_wconf 81' lang='lat' dir='ltr'>duos-sepe¹</span> 
     </span>
     <span class='ocr_line' id='line_1_23' title="bbox 212 2186 1320 2259; baseline 0.001 -21"><span class='ocrx_word' id='word_1_236' title='bbox 212 2189 307 2240; x_wconf 89' lang='lat' dir='ltr'>milites</span> <span class='ocrx_word' id='word_1_237' title='bbox 316 2191 360 2239; x_wconf 90' lang='lat' dir='ltr'>uni</span> <span class='ocrx_word' id='word_1_238' title='bbox 372 2205 416 2240; x_wconf 90' lang='lat' dir='ltr'>reo</span> <span class='ocrx_word' id='word_1_239' title='bbox 425 2190 510 2254; x_wconf 81' lang='lat' dir='ltr'>datos,</span> <span class='ocrx_word' id='word_1_240' title='bbox 519 2189 608 2253; x_wconf 83' lang='lat' dir='ltr'>majori</span> <span class='ocrx_word' id='word_1_241' title='bbox 620 2189 753 2259; x_wconf 66' lang='lat' dir='ltr'>custodire.</span> <span class='ocrx_word' id='word_1_242' title='bbox 786 2189 819 2238; x_wconf 90' lang='lat' dir='ltr'>Iu</span> <span class='ocrx_word' id='word_1_243' title='bbox 830 2188 1015 2253; x_wconf 87' lang='lat' dir='ltr'>Apostolorum</span> <span class='ocrx_word' id='word_1_244' title='bbox 1025 2186 1110 2252; x_wconf 84' lang='lat' dir='ltr'>Actis,</span> <span class='ocrx_word' id='word_1_245' title='bbox 1120 2202 1177 2253; x_wconf 81' lang='lat' dir='ltr'>cup.</span> <span class='ocrx_word' id='word_1_246' title='bbox 1190 2187 1271 2237; x_wconf 80' lang='lat' dir='ltr'>12.de</span> <span class='ocrx_word' id='word_1_247' title='bbox 1279 2189 1320 2239; x_wconf 87' lang='lat' dir='ltr'>D.</span> 
     </span>
     <span class='ocr_line' id='line_1_24' title="bbox 212 2268 1315 2334; baseline -0.002 -15"><span class='ocrx_word' id='word_1_248' title='bbox 212 2270 311 2320; x_wconf 85' lang='lat' dir='ltr'>Petro:</span> <span class='ocrx_word' id='word_1_249' title='bbox 328 2270 492 2320; x_wconf 85' lang='lat' dir='ltr'>‘dormiebat</span> <span class='ocrx_word' id='word_1_250' title='bbox 508 2271 577 2320; x_wconf 85' lang='lat' dir='ltr'>inter</span> <span class='ocrx_word' id='word_1_251' title='bbox 597 2270 661 2321; x_wconf 86' lang='lat' dir='ltr'>duos</span> <span class='ocrx_word' id='word_1_252' title='bbox 679 2270 788 2332; x_wconf 85' lang='lat' dir='ltr'>milites,</span> <span class='ocrx_word' id='word_1_253' title='bbox 803 2270 900 2319; x_wconf 84' lang='lat' dir='ltr'>duobus</span> <span class='ocrx_word' id='word_1_254' title='bbox 920 2270 1039 2334; x_wconf 78' lang='lat' dir='ltr'>alligatus</span> <span class='ocrx_word' id='word_1_255' title='bbox 1055 2268 1174 2320; x_wconf 70' lang='lat' dir='ltr'>catenis!</span> <span class='ocrx_word' id='word_1_256' title='bbox 1207 2270 1315 2319; x_wconf 76' lang='lat' dir='ltr'>estense</span> 
     </span>
     <span class='ocr_line' id='line_1_25' title="bbox 212 2348 1316 2415; baseline -0.001 -15"><span class='ocrx_word' id='word_1_257' title='bbox 212 2358 298 2400; x_wconf 82' lang='lat' dir='ltr'>eutem</span> <span class='ocrx_word' id='word_1_258' title='bbox 311 2351 443 2415; x_wconf 87' lang='lat' dir='ltr'>ejusmodi,</span> <span class='ocrx_word' id='word_1_259' title='bbox 464 2351 503 2401; x_wconf 91' lang='lat' dir='ltr'>uti</span> <span class='ocrx_word' id='word_1_260' title='bbox 525 2366 558 2400; x_wconf 86' lang='lat' dir='ltr'>ex</span> <span class='ocrx_word' id='word_1_261' title='bbox 580 2350 706 2400; x_wconf 74' lang='lat' dir='ltr'>Atheneo</span> <span class='ocrx_word' id='word_1_262' title='bbox 719 2351 826 2412; x_wconf 85' lang='lat' dir='ltr'>clamor,</span> <span class='ocrx_word' id='word_1_263' title='bbox 844 2350 1010 2413; x_wconf 74' lang='lat' dir='ltr'>longiuscule</span> <span class='ocrx_word' id='word_1_264' title='bbox 1021 2352 1116 2410; x_wconf 66' lang='lat' dir='ltr'>manti</span> <span class='ocrx_word' id='word_1_265' title='bbox 1132 2348 1316 2412; x_wconf 82' lang='lat' dir='ltr'>utsmbulsre,</span> 
     </span>
     <span class='ocr_line' id='line_1_26' title="bbox 211 2429 1315 2497; baseline -0.001 -16"><span class='ocrx_word' id='word_1_266' title='bbox 211 2430 333 2483; x_wconf 87' lang='lat' dir='ltr'>incedere</span> <span class='ocrx_word' id='word_1_267' title='bbox 355 2430 454 2497; x_wconf 76' lang='lat' dir='ltr'>pariter</span> <span class='ocrx_word' id='word_1_268' title='bbox 473 2445 525 2481; x_wconf 91' lang='lat' dir='ltr'>uon</span> <span class='ocrx_word' id='word_1_269' title='bbox 539 2430 701 2481; x_wconf 86' lang='lat' dir='ltr'>incommode</span> <span class='ocrx_word' id='word_1_270' title='bbox 720 2435 837 2495; x_wconf 88' lang='lat' dir='ltr'>possent.</span> <span class='ocrx_word' id='word_1_271' title='bbox 870 2430 912 2480; x_wconf 83' lang='lat' dir='ltr'>Ad</span> <span class='ocrx_word' id='word_1_272' title='bbox 935 2445 999 2495; x_wconf 87' lang='lat' dir='ltr'>quas</span> <span class='ocrx_word' id='word_1_273' title='bbox 1019 2431 1083 2481; x_wconf 92' lang='lat' dir='ltr'>item</span> <span class='ocrx_word' id='word_1_274' title='bbox 1101 2429 1225 2497; x_wconf 87' lang='lat' dir='ltr'>pertinet,</span> <span class='ocrx_word' id='word_1_275' title='bbox 1244 2429 1315 2496; x_wconf 85' lang='lat' dir='ltr'>quod</span> 
     </span>
     <span class='ocr_line' id='line_1_27' title="bbox 211 2512 1315 2577; baseline -0.002 -15"><span class='ocrx_word' id='word_1_276' title='bbox 211 2513 350 2563; x_wconf 86' lang='lat' dir='ltr'>Suetonius</span> <span class='ocrx_word' id='word_1_277' title='bbox 370 2513 396 2563; x_wconf 91' lang='lat' dir='ltr'>iu</span> <span class='ocrx_word' id='word_1_278' title='bbox 418 2513 571 2563; x_wconf 84' lang='lat' dir='ltr'>Domitiano</span> <span class='ocrx_word' id='word_1_279' title='bbox 582 2513 681 2576; x_wconf 86' lang='lat' dir='ltr'>scribit,</span> <span class='ocrx_word' id='word_1_280' title='bbox 701 2527 758 2577; x_wconf 83' lang='lat' dir='ltr'>cop.</span> <span class='ocrx_word' id='word_1_281' title='bbox 770 2518 811 2563; x_wconf 87' lang='grc'>14.</span> <span class='ocrx_word' id='word_1_282' title='bbox 829 2514 837 2541; x_wconf 87' lang='lat'>‘</span> <span class='ocrx_word' id='word_1_283' title='bbox 849 2513 908 2563; x_wconf 89' lang='lat' dir='ltr'>Nee</span> <span class='ocrx_word' id='word_1_284' title='bbox 920 2513 967 2562; x_wconf 88' lang='lat' dir='ltr'>uisi</span> <span class='ocrx_word' id='word_1_285' title='bbox 979 2519 1079 2563; x_wconf 87' lang='lat' dir='ltr'>secreto</span> <span class='ocrx_word' id='word_1_286' title='bbox 1091 2520 1168 2577; x_wconf 84' lang='lat' dir='ltr'>etque</span> <span class='ocrx_word' id='word_1_287' title='bbox 1180 2513 1248 2562; x_wconf 90' lang='lat' dir='ltr'>solus</span> <span class='ocrx_word' id='word_1_288' title='bbox 1259 2512 1315 2576; x_wconf 90' lang='lat' dir='ltr'>ple-</span> 
     </span>
     <span class='ocr_line' id='line_1_28' title="bbox 212 2593 1315 2661; baseline -0.001 -18"><span class='ocrx_word' id='word_1_289' title='bbox 212 2608 305 2659; x_wconf 81' lang='lat' dir='ltr'>rusque</span> <span class='ocrx_word' id='word_1_290' title='bbox 328 2593 468 2656; x_wconf 85' lang='lat' dir='ltr'>custodies,</span> <span class='ocrx_word' id='word_1_291' title='bbox 487 2595 600 2659; x_wconf 86' lang='lat' dir='ltr'>receptis</span> <span class='ocrx_word' id='word_1_292' title='bbox 618 2595 723 2661; x_wconf 85' lang='lat' dir='ltr'>quidem</span> <span class='ocrx_word' id='word_1_293' title='bbox 735 2596 761 2644; x_wconf 91' lang='lat' dir='ltr'>in</span> <span class='ocrx_word' id='word_1_294' title='bbox 773 2610 851 2646; x_wconf 83' lang='lat' dir='ltr'>manu</span> <span class='ocrx_word' id='word_1_295' title='bbox 863 2596 972 2660; x_wconf 83' lang='lat' dir='ltr'>eatenis,</span> <span class='ocrx_word' id='word_1_296' title='bbox 982 2595 1120 2646; x_wconf 73' lang='lat' dir='ltr'>audiebat!</span> <span class='ocrx_word' id='word_1_297' title='bbox 1151 2594 1204 2645; x_wconf 90' lang='lat' dir='ltr'>Ubi</span> <span class='ocrx_word' id='word_1_298' title='bbox 1219 2594 1315 2643; x_wconf 88' lang='lat' dir='ltr'>iterum</span> 
     </span>
     <span class='ocr_line' id='line_1_29' title="bbox 212 2674 1316 2742; baseline 0 -18"><span class='ocrx_word' id='word_1_299' title='bbox 212 2675 343 2727; x_wconf 89' lang='lat' dir='ltr'>Custodiae</span> <span class='ocrx_word' id='word_1_300' title='bbox 351 2692 398 2742; x_wconf 92' lang='lat' dir='ltr'>pro</span> <span class='ocrx_word' id='word_1_301' title='bbox 406 2678 437 2726; x_wconf 91' lang='lat' dir='ltr'>iis</span> <span class='ocrx_word' id='word_1_302' title='bbox 446 2677 509 2741; x_wconf 88' lang='lat' dir='ltr'>ipsis</span> <span class='ocrx_word' id='word_1_303' title='bbox 521 2679 563 2741; x_wconf 91' lang='lat' dir='ltr'>qui</span> <span class='ocrx_word' id='word_1_304' title='bbox 574 2676 772 2727; x_wconf 84' lang='lat' dir='ltr'>custodiuntur:</span> <span class='ocrx_word' id='word_1_305' title='bbox 793 2683 824 2726; x_wconf 90' lang='lat' dir='ltr'>ut</span> <span class='ocrx_word' id='word_1_306' title='bbox 835 2677 918 2727; x_wconf 88' lang='lat' dir='ltr'>Plinio</span> <span class='ocrx_word' id='word_1_307' title='bbox 930 2677 997 2727; x_wconf 85' lang='lat' dir='ltr'>libr&#39;o</span> <span class='ocrx_word' id='word_1_308' title='bbox 1010 2690 1071 2725; x_wconf 78' lang='lat' dir='ltr'>xxi.</span> <span class='ocrx_word' id='word_1_309' title='bbox 1083 2675 1202 2740; x_wconf 67' lang='lat' dir='ltr'>capitem</span> <span class='ocrx_word' id='word_1_310' title='bbox 1229 2682 1237 2701; x_wconf 84' lang='lat'><em>⁰</em></span> <span class='ocrx_word' id='word_1_311' title='bbox 1249 2674 1316 2724; x_wconf 89' lang='lat' dir='ltr'>lude</span> 
     </span>
     <span class='ocr_line' id='line_1_30' title="bbox 211 2756 1315 2823; baseline 0 -18"><span class='ocrx_word' id='word_1_312' title='bbox 211 2758 332 2807; x_wconf 86' lang='lat' dir='ltr'>eductam</span> <span class='ocrx_word' id='word_1_313' title='bbox 339 2758 480 2808; x_wconf 87' lang='lat' dir='ltr'>custodiam</span> <span class='ocrx_word' id='word_1_314' title='bbox 490 2758 580 2807; x_wconf 87' lang='lat' dir='ltr'>bibere</span> <span class='ocrx_word' id='word_1_315' title='bbox 583 2758 662 2822; x_wconf 88' lang='lat' dir='ltr'>jussit</span> <span class='ocrx_word' id='word_1_316' title='bbox 672 2759 687 2819; x_wconf 81' lang='lat'>3’</span> <span class='ocrx_word' id='word_1_317' title='bbox 694 2759 732 2808; x_wconf 87' lang='lat' dir='ltr'>ita</span> <span class='ocrx_word' id='word_1_318' title='bbox 742 2766 860 2809; x_wconf 82' lang='lat' dir='ltr'>veteres:</span> <span class='ocrx_word' id='word_1_319' title='bbox 878 2759 944 2807; x_wconf 91' lang='lat' dir='ltr'>male</span> <span class='ocrx_word' id='word_1_320' title='bbox 955 2759 1041 2823; x_wconf 73' lang='lat' dir='ltr'>vulga,</span> <span class='ocrx_word' id='word_1_321' title='bbox 1051 2759 1160 2807; x_wconf 80' lang='lat' dir='ltr'>eductum</span> <span class='ocrx_word' id='word_1_322' title='bbox 1168 2772 1181 2805; x_wconf 87' lang='grc' dir='ltr'><strong><em>ο</em></strong></span> <span class='ocrx_word' id='word_1_323' title='bbox 1188 2756 1295 2806; x_wconf 76' lang='lat' dir='ltr'>custodio</span> <span class='ocrx_word' id='word_1_324' title='bbox 1303 2773 1315 2816; x_wconf 90' lang='lat'>,·</span> 
     </span>
     <span class='ocr_line' id='line_1_31' title="bbox 212 2836 1316 2904; baseline 0.001 -19"><span class='ocrx_word' id='word_1_325' title='bbox 212 2837 440 2902; x_wconf 89' lang='lat' dir='ltr'>emendandusque</span> <span class='ocrx_word' id='word_1_326' title='bbox 450 2839 487 2887; x_wconf 87' lang='lat' dir='ltr'>ita</span> <span class='ocrx_word' id='word_1_327' title='bbox 498 2839 636 2888; x_wconf 84' lang='lat' dir='ltr'>Suetonius</span> <span class='ocrx_word' id='word_1_328' title='bbox 649 2841 764 2903; x_wconf 83' lang='lat' dir='ltr'>Nerone,</span> <span class='ocrx_word' id='word_1_329' title='bbox 775 2855 833 2904; x_wconf 85' lang='lat' dir='ltr'>cap.</span> <span class='ocrx_word' id='word_1_330' title='bbox 845 2845 886 2890; x_wconf 80' lang='lat' dir='ltr'>ol.</span> <span class='ocrx_word' id='word_1_331' title='bbox 902 2841 1037 2892; x_wconf 85' lang='lat' dir='ltr'>‘Quorum</span> <span class='ocrx_word' id='word_1_332' title='bbox 1053 2853 1160 2903; x_wconf 89' lang='lat' dir='ltr'>operum</span> <span class='ocrx_word' id='word_1_333' title='bbox 1179 2836 1316 2901; x_wconf 87' lang='lat' dir='ltr'>perficien-</span> 
     </span>
     <span class='ocr_line' id='line_1_32' title="bbox 212 2916 1316 2985; baseline 0.004 -20"><span class='ocrx_word' id='word_1_334' title='bbox 212 2917 303 2967; x_wconf 88' lang='lat' dir='ltr'>dorum</span> <span class='ocrx_word' id='word_1_335' title='bbox 320 2918 412 2981; x_wconf 82' lang='lat' dir='ltr'>gratia,</span> <span class='ocrx_word' id='word_1_336' title='bbox 428 2926 492 2983; x_wconf 83' lang='lat' dir='ltr'>qrrot</span> <span class='ocrx_word' id='word_1_337' title='bbox 511 2919 607 2983; x_wconf 87' lang='lat' dir='ltr'>ubique</span> <span class='ocrx_word' id='word_1_338' title='bbox 627 2927 714 2969; x_wconf 87' lang='lat' dir='ltr'>esseut</span> <span class='ocrx_word' id='word_1_339' title='bbox 736 2922 872 2985; x_wconf 82' lang='lat' dir='ltr'>custodiae,</span> <span class='ocrx_word' id='word_1_340' title='bbox 891 2921 918 2970; x_wconf 90' lang='lat' dir='ltr'>iu</span> <span class='ocrx_word' id='word_1_341' title='bbox 936 2921 1039 2971; x_wconf 82' lang='lat' dir='ltr'>ltaliam</span> <span class='ocrx_word' id='word_1_342' title='bbox 1060 2918 1193 2984; x_wconf 86' lang='lat' dir='ltr'>deportari</span> <span class='ocrx_word' id='word_1_343' title='bbox 1207 2916 1316 2983; x_wconf 79' lang='lat' dir='ltr'>jussitz&#39;</span> 
     </span>
     <span class='ocr_line' id='line_1_33' title="bbox 211 2998 1313 3069; baseline 0.002 -23"><span class='ocrx_word' id='word_1_344' title='bbox 211 2998 317 3069; x_wconf 76' lang='lat' dir='ltr'>vulgate</span> <span class='ocrx_word' id='word_1_345' title='bbox 327 2999 414 3060; x_wconf 89' lang='lat' dir='ltr'>lectio,</span> <span class='ocrx_word' id='word_1_346' title='bbox 422 3006 449 3049; x_wconf 88' lang='lat' dir='ltr'>et</span> <span class='ocrx_word' id='word_1_347' title='bbox 458 3000 616 3063; x_wconf 87' lang='lat' dir='ltr'>interpretes</span> <span class='ocrx_word' id='word_1_348' title='bbox 625 3000 741 3052; x_wconf 85' lang='lat' dir='ltr'>turbant.</span> <span class='ocrx_word' id='word_1_349' title='bbox 774 3002 881 3052; x_wconf 86' lang='lat' dir='ltr'>Paullus</span> <span class='ocrx_word' id='word_1_350' title='bbox 891 3003 917 3051; x_wconf 92' lang='lat' dir='ltr'>in</span> <span class='ocrx_word' id='word_1_351' title='bbox 927 3003 1045 3053; x_wconf 87' lang='lat' dir='ltr'>Seuteut.</span> <span class='ocrx_word' id='word_1_352' title='bbox 1061 3004 1070 3031; x_wconf 75' lang='lat'><strong><em>⁴</em></strong></span> <span class='ocrx_word' id='word_1_353' title='bbox 1080 3002 1108 3052; x_wconf 90' lang='lat' dir='ltr'>Si</span> <span class='ocrx_word' id='word_1_354' title='bbox 1117 3001 1228 3066; x_wconf 85' lang='lat' dir='ltr'>pecunie</span> <span class='ocrx_word' id='word_1_355' title='bbox 1238 3000 1313 3049; x_wconf 89' lang='lat' dir='ltr'>miles</span> 
     </span>
     <span class='ocr_line' id='line_1_34' title="bbox 211 3073 1316 3145; baseline 0.004 -18"><span class='ocrx_word' id='word_1_356' title='bbox 211 3079 355 3129; x_wconf 86' lang='lat' dir='ltr'>custodiam</span> <span class='ocrx_word' id='word_1_357' title='bbox 367 3080 502 3143; x_wconf 89' lang='lat' dir='ltr'>dimiserit,</span> <span class='ocrx_word' id='word_1_358' title='bbox 511 3082 596 3145; x_wconf 85' lang='lat' dir='ltr'>cupite</span> <span class='ocrx_word' id='word_1_359' title='bbox 605 3082 751 3145; x_wconf 84' lang='lat' dir='ltr'>puniendus</span> <span class='ocrx_word' id='word_1_360' title='bbox 761 3084 818 3133; x_wconf 68' lang='lat' dir='ltr'>est?</span> <span class='ocrx_word' id='word_1_361' title='bbox 852 3084 919 3133; x_wconf 76' lang='lat' dir='ltr'>Haec</span> <span class='ocrx_word' id='word_1_362' title='bbox 930 3083 963 3132; x_wconf 90' lang='lat' dir='ltr'>de</span> <span class='ocrx_word' id='word_1_363' title='bbox 977 3082 1096 3134; x_wconf 86' lang='lat' dir='ltr'>custodia</span> <span class='ocrx_word' id='word_1_364' title='bbox 1107 3073 1211 3131; x_wconf 76' lang='lat' dir='ltr'>militari</span> <span class='ocrx_word' id='word_1_365' title='bbox 1222 3098 1230 3132; x_wconf 72' lang='grc' dir='ltr'>ι</span> <span class='ocrx_word' id='word_1_366' title='bbox 1241 3082 1274 3131; x_wconf 89' lang='lat' dir='ltr'>de</span> <span class='ocrx_word' id='word_1_367' title='bbox 1283 3095 1316 3131; x_wconf 76' lang='lat' dir='ltr'>es</span> 
     </span>
     <span class='ocr_line' id='line_1_35' title="bbox 211 3160 938 3227; baseline 0.007 -17"><span class='ocrx_word' id='word_1_368' title='bbox 211 3174 269 3225; x_wconf 80' lang='lat' dir='ltr'>quoe</span> <span class='ocrx_word' id='word_1_369' title='bbox 278 3160 346 3226; x_wconf 79' lang='lat' dir='ltr'>opud</span> <span class='ocrx_word' id='word_1_370' title='bbox 357 3162 534 3226; x_wconf 77' lang='lat' dir='ltr'>magistratus,</span> <span class='ocrx_word' id='word_1_371' title='bbox 544 3163 714 3227; x_wconf 78' lang='lat' dir='ltr'>opportunius</span> <span class='ocrx_word' id='word_1_372' title='bbox 726 3164 812 3215; x_wconf 81' lang='lat' dir='ltr'>dicam</span> <span class='ocrx_word' id='word_1_373' title='bbox 822 3165 889 3214; x_wconf 93' lang='lat' dir='ltr'>libro</span> <span class='ocrx_word' id='word_1_374' title='bbox 899 3179 938 3215; x_wconf 85' lang='lat' dir='ltr'>vr.</span> 
     </span>
    </p>
   </div>
   <div class='ocr_carea' id='block_1_5' title="bbox 745 3361 777 3411">
    <p class='ocr_par' dir='ltr' id='par_1_5' title="bbox 745 3361 777 3411">
     <span class='ocr_line' id='line_1_36' title="bbox 745 3361 777 3411; baseline 0 0"><span class='ocrx_word' id='word_1_375' title='bbox 745 3361 777 3411; x_wconf 84' lang='lat' dir='ltr'>C.</span> 
     </span>
    </p>
   </div>
   <div class='ocr_carea' id='block_1_6' title="bbox 204 3485 1314 4286">
    <p class='ocr_par' dir='ltr' id='par_1_6' title="bbox 204 3485 1314 4286">
     <span class='ocr_line' id='line_1_37' title="bbox 243 3485 1313 3554; baseline 0.002 -19"><span class='ocrx_word' id='word_1_376' title='bbox 243 3486 309 3538; x_wconf 72' lang='lat' dir='ltr'>Ceu.</span> <span class='ocrx_word' id='word_1_377' title='bbox 327 3489 368 3535; x_wconf 78' lang='lat'>25.</span> <span class='ocrx_word' id='word_1_378' title='bbox 386 3486 435 3536; x_wconf 80' lang='lat' dir='ltr'>Fas</span> <span class='ocrx_word' id='word_1_379' title='bbox 456 3485 518 3536; x_wconf 91' lang='lat' dir='ltr'>mihi</span> <span class='ocrx_word' id='word_1_380' title='bbox 537 3493 569 3537; x_wconf 89' lang='lat' dir='ltr'>ut</span> <span class='ocrx_word' id='word_1_381' title='bbox 586 3504 644 3539; x_wconf 91' lang='lat' dir='ltr'>cum</span> <span class='ocrx_word' id='word_1_382' title='bbox 661 3487 754 3540; x_wconf 83' lang='lat' dir='ltr'>Tacito</span> <span class='ocrx_word' id='word_1_383' title='bbox 767 3489 912 3540; x_wconf 85' lang='lat' dir='ltr'>lricleviter</span> <span class='ocrx_word' id='word_1_384' title='bbox 924 3489 1085 3540; x_wconf 82' lang='lat' dir='ltr'>exorbitem:</span> <span class='ocrx_word' id='word_1_385' title='bbox 1103 3493 1200 3554; x_wconf 77' lang='lat' dir='ltr'>etque</span> <span class='ocrx_word' id='word_1_386' title='bbox 1212 3487 1313 3538; x_wconf 86' lang='lat' dir='ltr'>faciunt</span> 
     </span>
     <span class='ocr_line' id='line_1_38' title="bbox 209 3567 1314 3636; baseline 0.002 -19"><span class='ocrx_word' id='word_1_387' title='bbox 209 3567 269 3618; x_wconf 85' lang='lat' dir='ltr'>boio</span> <span class='ocrx_word' id='word_1_388' title='bbox 279 3568 341 3632; x_wconf 76' lang='lat' dir='ltr'>legi,</span> <span class='ocrx_word' id='word_1_389' title='bbox 358 3568 471 3619; x_wconf 84' lang='lat' dir='ltr'>collecta</span> <span class='ocrx_word' id='word_1_390' title='bbox 482 3584 497 3618; x_wconf 85' lang='lat' dir='ltr'>a</span> <span class='ocrx_word' id='word_1_391' title='bbox 507 3584 549 3618; x_wconf 86' lang='lat' dir='ltr'>me</span> <span class='ocrx_word' id='word_1_392' title='bbox 561 3579 589 3620; x_wconf 90' lang='lat' dir='ltr'>et</span> <span class='ocrx_word' id='word_1_393' title='bbox 600 3571 703 3635; x_wconf 78' lang='lat' dir='ltr'>digesta</span> <span class='ocrx_word' id='word_1_394' title='bbox 713 3586 864 3636; x_wconf 86' lang='lat' dir='ltr'>proponam.</span> <span class='ocrx_word' id='word_1_395' title='bbox 897 3572 957 3621; x_wconf 93' lang='lat' dir='ltr'>Non</span> <span class='ocrx_word' id='word_1_396' title='bbox 980 3569 1113 3620; x_wconf 89' lang='lat' dir='ltr'>subtiliter</span> <span class='ocrx_word' id='word_1_397' title='bbox 1133 3570 1236 3629; x_wconf 81' lang='lat' dir='ltr'>omnia3</span> <span class='ocrx_word' id='word_1_398' title='bbox 1258 3569 1314 3635; x_wconf 86' lang='lat' dir='ltr'>(cui</span> 
     </span>
     <span class='ocr_line' id='line_1_39' title="bbox 209 3648 1314 3719; baseline 0.005 -23"><span class='ocrx_word' id='word_1_399' title='bbox 209 3648 277 3700; x_wconf 89' lang='lat' dir='ltr'>euim</span> <span class='ocrx_word' id='word_1_400' title='bbox 290 3648 356 3698; x_wconf 88' lang='lat' dir='ltr'>bono</span> <span class='ocrx_word' id='word_1_401' title='bbox 366 3650 387 3711; x_wconf 86' lang='lat' dir='ltr'>i)</span> <span class='ocrx_word' id='word_1_402' title='bbox 405 3649 452 3699; x_wconf 92' lang='lat' dir='ltr'>sed</span> <span class='ocrx_word' id='word_1_403' title='bbox 472 3664 504 3700; x_wconf 84' lang='lat' dir='ltr'>ea</span> <span class='ocrx_word' id='word_1_404' title='bbox 515 3651 599 3701; x_wconf 87' lang='lat' dir='ltr'>saltim</span> <span class='ocrx_word' id='word_1_405' title='bbox 617 3653 705 3716; x_wconf 83' lang='lat' dir='ltr'>capita</span> <span class='ocrx_word' id='word_1_406' title='bbox 719 3668 778 3719; x_wconf 78' lang='lat' dir='ltr'>quae</span> <span class='ocrx_word' id='word_1_407' title='bbox 798 3652 832 3703; x_wconf 86' lang='lat' dir='ltr'>sd</span> <span class='ocrx_word' id='word_1_408' title='bbox 843 3668 916 3703; x_wconf 85' lang='lat' dir='ltr'>usum</span> <span class='ocrx_word' id='word_1_409' title='bbox 928 3651 1043 3709; x_wconf 81' lang='lat' dir='ltr'>bistorioe</span> <span class='ocrx_word' id='word_1_410' title='bbox 1053 3651 1157 3715; x_wconf 70' lang='lat' dir='ltr'>priscae.</span> <span class='ocrx_word' id='word_1_411' title='bbox 1191 3651 1314 3702; x_wconf 84' lang='lat' dir='ltr'>Romanis</span> 
     </span>
     <span class='ocr_line' id='line_1_40' title="bbox 209 3730 1313 3802; baseline 0.005 -26"><span class='ocrx_word' id='word_1_412' title='bbox 209 3731 311 3802; x_wconf 84' lang='lat' dir='ltr'>semper</span> <span class='ocrx_word' id='word_1_413' title='bbox 332 3730 508 3792; x_wconf 78' lang='lat' dir='ltr'>conjugiorum</span> <span class='ocrx_word' id='word_1_414' title='bbox 528 3730 677 3797; x_wconf 86' lang='lat' dir='ltr'>subolisque</span> <span class='ocrx_word' id='word_1_415' title='bbox 692 3748 787 3798; x_wconf 73' lang='lat' dir='ltr'>magus</span> <span class='ocrx_word' id='word_1_416' title='bbox 805 3748 877 3800; x_wconf 84' lang='lat' dir='ltr'>euru.</span> <span class='ocrx_word' id='word_1_417' title='bbox 909 3732 973 3783; x_wconf 93' lang='lat' dir='ltr'>Ideo</span> <span class='ocrx_word' id='word_1_418' title='bbox 994 3731 1117 3782; x_wconf 83' lang='lat' dir='ltr'>Censoris</span> <span class='ocrx_word' id='word_1_419' title='bbox 1136 3733 1181 3782; x_wconf 86' lang='lat' dir='ltr'>ills</span> <span class='ocrx_word' id='word_1_420' title='bbox 1198 3733 1313 3798; x_wconf 85' lang='lat' dir='ltr'>solennis</span> 
     </span>
     <span class='ocr_line' id='line_1_41' title="bbox 210 3808 1313 3872; baseline 0.006 -17"><span class='ocrx_word' id='word_1_421' title='bbox 210 3808 337 3872; x_wconf 72' lang='lat' dir='ltr'>questio:</span> <span class='ocrx_word' id='word_1_422' title='bbox 366 3808 426 3857; x_wconf 84' lang='lat' dir='ltr'>‘Ex</span> <span class='ocrx_word' id='word_1_423' title='bbox 449 3811 527 3860; x_wconf 85' lang='lat' dir='ltr'>animi</span> <span class='ocrx_word' id='word_1_424' title='bbox 544 3813 581 3862; x_wconf 91' lang='lat' dir='ltr'>toi</span> <span class='ocrx_word' id='word_1_425' title='bbox 604 3814 735 3864; x_wconf 84' lang='lat' dir='ltr'>sententis</span> <span class='ocrx_word' id='word_1_426' title='bbox 762 3821 791 3863; x_wconf 92' lang='lat' dir='ltr'>tu</span> <span class='ocrx_word' id='word_1_427' title='bbox 818 3828 926 3863; x_wconf 86' lang='lat' dir='ltr'>uxorem</span> <span class='ocrx_word' id='word_1_428' title='bbox 945 3812 1049 3863; x_wconf 85' lang='lat' dir='ltr'>habesi&#39;</span> <span class='ocrx_word' id='word_1_429' title='bbox 1098 3812 1164 3862; x_wconf 90' lang='lat' dir='ltr'>Ideo</span> <span class='ocrx_word' id='word_1_430' title='bbox 1191 3813 1313 3865; x_wconf 81' lang='lat' dir='ltr'>Ciceroni</span> 
     </span>
     <span class='ocr_line' id='line_1_42' title="bbox 209 3886 1314 3957; baseline 0.007 -20"><span class='ocrx_word' id='word_1_431' title='bbox 209 3886 272 3939; x_wconf 85' lang='lat' dir='ltr'>licta</span> <span class='ocrx_word' id='word_1_432' title='bbox 281 3889 325 3937; x_wconf 78' lang='lat' dir='ltr'>lex</span> <span class='ocrx_word' id='word_1_433' title='bbox 337 3905 344 3938; x_wconf 73' lang='grc' dir='ltr'><strong>ε</strong></span> <span class='ocrx_word' id='word_1_434' title='bbox 362 3889 372 3934; x_wconf 74' lang='lat' dir='ltr'>t</span> <span class='ocrx_word' id='word_1_435' title='bbox 384 3890 493 3939; x_wconf 81' lang='lat' dir='ltr'>Caelibes</span> <span class='ocrx_word' id='word_1_436' title='bbox 504 3907 562 3943; x_wconf 86' lang='lat' dir='ltr'>esse</span> <span class='ocrx_word' id='word_1_437' title='bbox 573 3893 746 3955; x_wconf 67' lang='lat' dir='ltr'>prohibitum!</span> <span class='ocrx_word' id='word_1_438' title='bbox 779 3895 837 3944; x_wconf 91' lang='lat' dir='ltr'>Nec</span> <span class='ocrx_word' id='word_1_439' title='bbox 849 3894 997 3957; x_wconf 70' lang='lat' dir='ltr'>ignominie</span> <span class='ocrx_word' id='word_1_440' title='bbox 1006 3894 1088 3943; x_wconf 87' lang='lat' dir='ltr'>solum</span> <span class='ocrx_word' id='word_1_441' title='bbox 1104 3893 1252 3957; x_wconf 75' lang='lat' dir='ltr'>caelibatus,</span> <span class='ocrx_word' id='word_1_442' title='bbox 1266 3894 1314 3945; x_wconf 84' lang='lat' dir='ltr'>sed</span> 
     </span>
     <span class='ocr_line' id='line_1_43' title="bbox 209 3969 1312 4040; baseline 0.007 -24"><span class='ocrx_word' id='word_1_443' title='bbox 209 3974 371 4033; x_wconf 66' lang='lat' dir='ltr'>peueserst.</span> <span class='ocrx_word' id='word_1_444' title='bbox 405 3969 448 4019; x_wconf 84' lang='lat' dir='ltr'>Its</span> <span class='ocrx_word' id='word_1_445' title='bbox 462 3973 531 4035; x_wconf 77' lang='lat' dir='ltr'>apud</span> <span class='ocrx_word' id='word_1_446' title='bbox 553 3975 695 4038; x_wconf 87' lang='lat' dir='ltr'>Valerium,</span> <span class='ocrx_word' id='word_1_447' title='bbox 716 3975 858 4039; x_wconf 82' lang='lat' dir='ltr'>‘Camillus</span> <span class='ocrx_word' id='word_1_448' title='bbox 877 3982 905 4024; x_wconf 90' lang='lat' dir='ltr'>et</span> <span class='ocrx_word' id='word_1_449' title='bbox 925 3974 1075 4024; x_wconf 87' lang='lat' dir='ltr'>Postumius</span> <span class='ocrx_word' id='word_1_450' title='bbox 1094 3975 1230 4040; x_wconf 78' lang='lat' dir='ltr'>Censores,</span> <span class='ocrx_word' id='word_1_451' title='bbox 1258 3990 1312 4026; x_wconf 74' lang='lat' dir='ltr'>sera</span> 
     </span>
     <span class='ocr_line' id='line_1_44' title="bbox 208 4050 1313 4119; baseline 0.008 -21"><span class='ocrx_word' id='word_1_452' title='bbox 208 4063 292 4111; x_wconf 73' lang='lat' dir='ltr'>poeue</span> <span class='ocrx_word' id='word_1_453' title='bbox 303 4050 414 4112; x_wconf 87' lang='lat' dir='ltr'>nomine,</span> <span class='ocrx_word' id='word_1_454' title='bbox 424 4065 468 4100; x_wconf 90' lang='lat' dir='ltr'>eos</span> <span class='ocrx_word' id='word_1_455' title='bbox 479 4054 522 4117; x_wconf 91' lang='lat' dir='ltr'>qui</span> <span class='ocrx_word' id='word_1_456' title='bbox 534 4055 566 4103; x_wconf 90' lang='lat' dir='ltr'>ad</span> <span class='ocrx_word' id='word_1_457' title='bbox 576 4063 737 4106; x_wconf 88' lang='lat' dir='ltr'>senectutem</span> <span class='ocrx_word' id='word_1_458' title='bbox 746 4056 850 4106; x_wconf 82' lang='lat' dir='ltr'>caelibes</span> <span class='ocrx_word' id='word_1_459' title='bbox 858 4064 1039 4119; x_wconf 78' lang='lat' dir='ltr'>pervenerant,</span> <span class='ocrx_word' id='word_1_460' title='bbox 1048 4056 1074 4104; x_wconf 92' lang='lat' dir='ltr'>iu</span> <span class='ocrx_word' id='word_1_461' title='bbox 1081 4055 1200 4105; x_wconf 74' lang='lat' dir='ltr'>serarium</span> <span class='ocrx_word' id='word_1_462' title='bbox 1211 4055 1313 4107; x_wconf 84' lang='lat' dir='ltr'>deferre</span> 
     </span>
     <span class='ocr_line' id='line_1_45' title="bbox 204 4130 1312 4203; baseline 0.009 -25"><span class='ocrx_word' id='word_1_463' title='bbox 204 4130 359 4193; x_wconf 65' lang='lat' dir='ltr'>jusserunt!</span> <span class='ocrx_word' id='word_1_464' title='bbox 393 4134 428 4182; x_wconf 87' lang='lat' dir='ltr'>Et</span> <span class='ocrx_word' id='word_1_465' title='bbox 439 4135 531 4184; x_wconf 88' lang='lat' dir='ltr'>Festus</span> <span class='ocrx_word' id='word_1_466' title='bbox 544 4144 645 4202; x_wconf 76' lang='lat' dir='ltr'>erretur,</span> <span class='ocrx_word' id='word_1_467' title='bbox 660 4138 804 4189; x_wconf 88' lang='lat' dir='ltr'>‘Uxorium</span> <span class='ocrx_word' id='word_1_468' title='bbox 822 4139 977 4202; x_wconf 83' lang='lat' dir='ltr'>pependisse</span> <span class='ocrx_word' id='word_1_469' title='bbox 989 4139 1052 4202; x_wconf 91' lang='lat' dir='ltr'>diei,</span> <span class='ocrx_word' id='word_1_470' title='bbox 1070 4138 1194 4203; x_wconf 86' lang='lat' dir='ltr'>quiquod</span> <span class='ocrx_word' id='word_1_471' title='bbox 1205 4152 1312 4189; x_wconf 85' lang='lat' dir='ltr'>uxorem</span> 
     </span>
     <span class='ocr_line' id='line_1_46' title="bbox 207 4210 1312 4286; baseline 0.008 -25"><span class='ocrx_word' id='word_1_472' title='bbox 207 4210 435 4268; x_wconf 85' lang='lat' dir='ltr'>uouhebueritaes</span> <span class='ocrx_word' id='word_1_473' title='bbox 447 4216 541 4282; x_wconf 86' lang='lat' dir='ltr'>populo</span> <span class='ocrx_word' id='word_1_474' title='bbox 558 4215 649 4267; x_wconf 63' lang='lat' dir='ltr'>dedit?</span> <span class='ocrx_word' id='word_1_475' title='bbox 683 4220 838 4282; x_wconf 83' lang='lat' dir='ltr'>Exemplum</span> <span class='ocrx_word' id='word_1_476' title='bbox 856 4219 961 4269; x_wconf 87' lang='lat' dir='ltr'>videtur</span> <span class='ocrx_word' id='word_1_477' title='bbox 983 4219 1017 4270; x_wconf 80' lang='lat' dir='ltr'>sb</span> <span class='ocrx_word' id='word_1_478' title='bbox 1033 4220 1170 4284; x_wconf 81' lang='lat' dir='ltr'>Spsrtsois</span> <span class='ocrx_word' id='word_1_479' title='bbox 1187 4217 1312 4286; x_wconf 83' lang='lat' dir='ltr'>petitum,</span> 
     </span>
    </p>
   </div>
   <div class='ocr_carea' id='block_1_7' title="bbox 0 0 1526 4948">
    <p class='ocr_par' dir='ltr' id='par_1_7' title="bbox 0 0 1526 4948">
     <span class='ocr_line' id='line_1_47' title="bbox 0 0 1526 4948; baseline 0 0"><span class='ocrx_word' id='word_1_480' title='bbox 0 0 1526 4948; x_wconf 95' lang='lat' dir='ltr'> </span> 
     </span>
    </p>
   </div>
  </div>
 </body>
</html>
