3042 4950
260 375 350 447 4408
614 394 646 445 r.
669 395 786 450 nrrsn
808 396 1008 451 excursus

795 734 830 786 B.

296 864 416 919 cmm
439 863 473 916 Iu
491 860 636 928 provincias
653 862 764 915 wari:
781 862 842 915 olim
863 862 957 928 legati
974 860 1215 929 autPropretores
1234 860 1321 912 missi:
1337 860 1365 913 in

262 947 410 1011 provincias
422 946 480 997 dico
490 947 612 1011 majores.
646 946 713 996 Nam
724 946 841 1012 quadam
849 946 960 997 minores
970 960 1019 996 nec
1030 952 1109 996 tantu
1120 945 1167 1008 rei,
1176 943 1366 995 Procuratores

264 1027 355 1077 saltem
368 1033 535 1092 acceperunt.
567 1027 682 1080 Quorum
699 1027 861 1092 precipuum
873 1043 904 1078 sc
916 1027 1049 1093 preprium
1060 1042 1168 1089 munns;
1185 1033 1213 1076 ut
1223 1026 1322 1081 reditus
1334 1038 1367 1077 ac

262 1107 365 1158 tributa
375 1109 539 1174 colligerent,
548 1109 650 1174 aliaque
663 1124 720 1174 quas
729 1108 764 1158 ad
774 1108 881 1161 liscum:
898 1110 944 1160 sed
956 1110 1087 1175 quoniam,
1097 1109 1168 1159 nullo
1177 1108 1226 1158 alio
1237 1106 1366 1172 Praside,

263 1201 386 1252 sessnpe
396 1187 508 1253 cogebat
518 1189 562 1252 jus
579 1190 649 1239 inter
660 1190 833 1254 provinciales
843 1190 906 1254 (liei,
921 1190 1001 1241 etiam
1018 1192 1044 1240 in
1057 1205 1086 1241 rc
1098 1191 1249 1251 criminum:
1266 1188 1366 1241 factum

263 1274 294 1319 ut
300 1269 508 1333 jurisdictionem
520 1270 630 1335 aliquem
649 1270 697 1320 sibi
714 1278 855 1338 sumerent,
873 1271 1017 1322 Presidnm
1028 1273 1158 1336 exemplo.
1189 1271 1222 1321 ld
1239 1271 1367 1321 Procura-

262 1355 348 1401 torum
359 1365 448 1414 genus,
464 1362 532 1401 notre
544 1359 572 1403 et
591 1352 745 1403 discriminis
757 1368 858 1418 cama,
876 1353 943 1405 dicti
954 1354 1049 1419 passim
1066 1353 1093 1404 iu
1105 1353 1178 1404 libris
1186 1354 1283 1417 legum,
1302 1351 1368 1402 Pro·

263 1442 396 1483 curatores
408 1434 465 1484 rice
476 1432 610 1497 Praecidit,
625 1440 671 1484 aut
688 1449 747 1485 eum
758 1439 903 1499 potestate:
924 1441 953 1485 ut
971 1436 989 1484 l.
1002 1449 1034 1485 rr.
1046 1435 1076 1485 C.
1089 1435 1129 1485 De
1141 1434 1232 1500 poeuis.
1249 1435 1267 1482 Ι.
1278 1446 1321 1485 ru.
1333 1433 1369 1497 C„

261 1513 317 1565 Ubi
327 1529 410 1566 cauas.
429 1513 486 1567 fise.
503 1516 522 1565 l.
534 1528 573 1566 ιν.
585 1515 615 1566 (l.
634 1515 676 1565 Ad
688 1517 739 1582 leg.
758 1517 830 1568 Flav.
841 1517 874 1566 de
886 1518 956 1583 plag.
973 1517 1047 1581 Diui,
1061 1516 1271 1581 jurisdictionem
1282 1527 1367 1565 sarne-

260 1601 337 1646 reut:
354 1610 444 1647 revera
454 1596 523 1647 euim
535 1612 587 1648 non
597 1596 735 1650 nubebant.
770 1599 880 1665 Equites
894 1599 1015 1666 qnoniam
1033 1607 1109 1650 erant
1127 1606 1174 1650 ant
1190 1598 1288 1649 liberti.
1319 1599 1367 1649 Ta·

261 1675 332 1728 citus
342 1677 368 1727 in
379 1678 433 1731 rita
439 1677 587 1744 Agricola:
605 1680 613 1708 ‘
625 1686 846 1747 utrumquearum
854 1682 945 1733 babuit
954 1687 1148 1747 procuratorem
1157 1681 1366 1746 Cassiumque

261 1759 390 1823 equestris
401 1760 521 1813 nobilitas
531 1759 591 1813 est!
625 1761 678 1813 Dio
690 1763 708 1812 l.
721 1775 783 1813 mir.
806 1762 853 1813 lici
862 1761 918 1814 rubr
928 1762 1066 1828 ἐπιτρόπους
1076 1764 1140 1829 [non
1151 1770 1225 1813 recte
1235 1762 1365 1828 interpres

260 1840 343 1891 vertit
355 1841 502 1906 Cmctoresl,
512 1840 572 1893 osse
582 1841 630 1909 γὰρ
638 1841 694 1894 robe
703 1842 747 1894 cris
756 1862 785 1893 τε
794 1844 873 1896 κοινὰς
878 1843 1006 1910 προσόδους
1016 1843 1160 1908 &thonas
1169 1842 1209 1894 eal
1218 1859 1366 1907 προστετη-

260 1917 320 1982 μίνα
330 1920 412 1985 σφίσιν
421 1922 592 1977 ἀναλίσκοντας
602 1922 755 1989 dropdfoper,
772 1926 797 1976 dr
806 1923 885 1977 :reim
895 1924 977 1988 duoles
986 1925 1019 1975 τὰ
1030 1924 1093 1989 ἔθνη,
1109 1922 1141 1974 sci
1151 1942 1179 1974 rr
1190 1925 1275 1974 lauros:
1284 1923 1324 1977 :tsi
1332 1922 1366 1974 τὰ

260 2002 305 2051 τοῦ
315 2000 397 2067 δήμου,
411 2002 467 2056 τοὺς
475 2003 520 2066 μὲν
539 2006 566 2058 ἐκ
582 2007 630 2057 τῶν
648 2004 744 2068 bstou
760 2005 817 2058 rubr
835 2006 862 2059 ab
881 2007 908 2057 ts
917 2010 965 2058 τᾶν
975 2005 1136 2072 ἀπελευθέραν
1145 2005 1248 2068 πέμπεις
1266 2006 1364 2058 idest:

260 2083 432 2137 Procuratores
440 2087 458 2151 (
459 2088 495 2137 ito
505 2087 568 2138 cmm
582 2090 726 2154 appellamus
737 2105 777 2140 eor
787 2091 828 2155 qai
840 2091 948 2156 publicos
964 2091 1057 2141 rodus:
1073 2091 1189 2152 callim
1206 2087 1366 2153 meatque)

259 2165 375 2216 ineuntes
390 2168 592 2230 provinciarium
609 2185 665 2221 suus
681 2186 751 2236 quest
766 2173 851 2236 populi
871 2173 953 2222 Cesar
970 2172 1058 2237 nunt,
1074 2173 1185 2236 querum
1200 2186 1232 2222 cx
1242 2169 1369 2236 equitibus,

259 2249 370 2312 quoac-
380 2264 393 2298 c
403 2249 503 2302 libertis
536 2251 630 2317 ltaque
647 2267 697 2303 nec
710 2253 815 2318 judicia
824 2269 875 2305 uec
887 2263 948 2306 acta
963 2269 1051 2305 eornm
1063 2260 1130 2317 rata,
1141 2253 1281 2318 vocarique
1293 2258 1367 2316 pote·

259 2334 320 2381 rant
331 2329 365 2385 ad
376 2330 581 2396 disquisitionem
593 2333 725 2399 Principis
744 2340 791 2385 aut
810 2335 936 2387 Senatus:
955 2336 1075 2402 quonium
1094 2335 1153 2399 lege
1171 2333 1241 2400 apud
1259 2349 1304 2385 eos
1323 2334 1367 2399 api

257 2409 304 2476 (ut
314 2409 348 2463 ad
364 2425 428 2480 rem,
447 2419 476 2467 et
493 2414 645 2468 sollenniter
665 2415 771 2484 loquar)
787 2416 877 2468 nefas:
894 2418 963 2484 apud
979 2417 1162 2482 magistratum
1177 2416 1259 2466 solnm
1276 2416 1366 2482 populi

259 2490 381 2558 Romam,
396 2509 476 2561 prove
487 2498 643 2561 magistratu
654 2498 723 2549 actio
739 2498 805 2563 legis
817 2497 876 2561 fuit,
894 2509 924 2549 ut
934 2500 1070 2562 Consules,
1085 2498 1277 2560 Proconsules3
1295 2499 1366 2550 Pre-

257 2579 339 2639 tores,
355 2575 554 2642 Proprtetores:
581 2581 626 2646 qui
645 2595 734 2633 omnes
752 2596 769 2632 c
789 2582 903 2633 Senatu:
927 2581 998 2646 apud
1018 2581 1119 2644 equites
1134 2594 1186 2630 non
1204 2579 1265 2642 fnit,
1283 2580 1366 2630 multo

257 2655 342 2708 minus
353 2660 421 2724 apud
433 2660 552 2715 libertos.
586 2662 661 2714 Inter
671 2662 775 2729 equites
787 2662 892 2728 excipio
903 2677 983 2712 unum
995 2659 1156 2711 Praefectum
1166 2660 1284 2724 AEgypti‚
1294 2659 1366 2726 upnd

236 2726 242 2737 '
258 2753 346 2805 quem,
364 2747 393 2791 ut
403 2741 511 2796 Tacitus
523 2748 608 2807 notat,
625 2743 683 2807 lege
696 2743 737 2807 agl
748 2744 868 2808 permisit
879 2743 1024 2807 Augustus,
1041 2743 1148 2793 decreto
1159 2740 1269 2809 quodum
1279 2741 1366 2806 singu·

256 2818 315 2878 hri.
348 2819 474 2874 Attamen
486 2830 668 2887 procuratores
681 2824 723 2874 isti
734 2824 878 2890 provinciis
889 2832 1031 2890 preerant,
1047 2831 1075 2875 et
1082 2824 1128 2889 jus
1137 2838 1209 2889 :sepe
1220 2824 1246 2873 in
1257 2822 1365 2874 crimine

258 2897 287 2952 et
305 2915 398 2956 caussa
414 2904 508 2969 cepitis
529 2903 661 2956 dicebant.
694 2905 849 2970 Exemplum
868 2905 894 2953 in
914 2903 1011 2956 Pontio
1029 2906 1072 2970 qui
1090 2904 1192 2955 dudae
1211 2911 1365 2968 procurator

257 2980 401 3045 (nonenim
413 2985 451 3035 illi
469 2986 610 3049 provincie
628 2985 733 3051 proprie
745 2987 864 3048 Preces)
881 2987 1036 3037 seutentiam
1055 2986 1116 3036 tulit
1131 2985 1165 3034 de
1183 2985 1271 3049 capite
1282 2985 1365 3037 uestri

257 3062 363 3127 capitis,
382 3063 480 3120 curisti
497 3066 652 3120 servatoris:
676 3068 798 3132 exempla
816 3067 843 3116 in
863 3067 998 3129 Petronio,
1016 3068 1141 3130 Cumano,
1160 3065 1269 3131 aliisque
1286 3067 1365 3130 vulgo

249 3143 327 3213 apud
339 3145 490 3211 Jnsepbum.
525 3149 651 3215 Idemque
667 3148 694 3201 iu
712 3150 791 3200 certis
810 3150 916 3200 minutis
933 3149 1070 3215 provinciis
1086 3147 1194 3212 facttum,
1212 3147 1306 3213 quibus
1325 3160 1365 3197 re·

258 3224 350 3289 geudis
362 3227 430 3279 solus
440 3227 616 3282 Procurator:
633 3233 742 3294 quarum
758 3231 857 3295 aliquot
867 3231 973 3282 Tacitus
985 3230 1115 3281 recensuit
1127 3230 1228 3281 Histor.
1239 3242 1260 3281 r.
1276 3229 1284 3255 ‘
1296 3230 1364 3278 Dua

257 3304 441 3371 Mauretania,
452 3308 564 3373 libatis,
575 3310 711 3373 Noricum,
721 3310 839 3372 Thracia,
858 3326 976 3377 quicqum
988 3311 1047 3361 alis:
1060 3310 1278 3361 Procuratnribus
1295 3308 1364 3360 coiri·

256 3383 375 3440 bentnr:'
399 3395 428 3440 ct
445 3395 544 3455 preter
559 3404 604 3444 eas
620 3391 722 3443 notabis
739 3389 847 3458 Alpium
866 3393 1053 3453 maritimarum
1071 3391 1282 3453 Procuratorem,
1299 3390 1363 3440 item

255 3467 346 3532 Ponti,
365 3469 449 3534 Epiri,
468 3472 617 3540 pluresque.
652 3472 802 3528 Haecclara
820 3474 924 3525 sutiset
935 3482 1018 3524 certa.
1051 3472 1093 3525 Ad
1106 3473 1153 3524 lios
1168 3474 1363 3530 Procuratores,

256 3548 370 3613 claudii,
381 3552 530 3620 meJ'udice,
541 3553 764 3605 accommodamus
776 3555 901 3617 edictum,
912 3555 1030 3619 jubentis
1042 3561 1070 3605 nt
1082 3555 1108 3607 iu
1120 3554 1264 3619 provinciis
1274 3565 1364 3604 eornm

255 3630 365 3684 decreta
382 3632 492 3700 proinde
510 3641 567 3687 rata
585 3635 637 3686 siut
656 3650 687 3687 ac
707 3636 729 3687 si
746 3636 804 3700 ipsc
823 3637 967 3689 statuisset.
1002 3636 1071 3685 Nam
1088 3634 1121 3684 ad
1138 3633 1230 3685 fiscum
1246 3636 1328 3686 solunt
1340 3631 1365 3686 s'r

254 3719 347 3780 aptas:
366 3716 428 3781 quid
445 3715 492 3770 fiet
510 3715 687 3769 communibus
704 3722 732 3766 et
750 3718 805 3770 late
822 3717 956 3779 conceptis
974 3715 1095 3768 Cornelii·
1108 3714 1211 3765 verbis?
1227 3714 1364 3778 ‘Rerum’

255 3794 351 3859 iuquit,
368 3798 405 3850 ‘a
421 3798 632 3863 procuratoribus
651 3799 704 3848 suis
714 3798 893 3866 judicatarum
903 3794 919 3848 τ’
944 3797 1092 3860 pariterque
1112 3794 1247 3846 indefinite.
1266 3794 1363 3847 extulit

254 3873 424 3940 Tranquillus,
439 3877 517 3942 ‘quse
537 3887 720 3942 procuratores
735 3878 776 3929 sui
794 3878 820 3931 iu
834 3877 977 3942 judicando
988 3875 1152 3928 statuerent?
1184 3875 1263 3927 Adde
1274 3876 1363 3928 subse·

255 3962 380 4020 qneutem
391 3972 493 4011 omnem
504 3959 592 4015 Taciti
610 3960 772 4013 orationem:
790 3958 891 4012 ridebis
901 3972 953 4010 uon
972 3958 1041 4010 aliud
1053 3971 1112 4008 curn
1128 3956 1267 4021 indignari,
1283 3971 1361 4023 quam

255 4035 325 4101 quod
331 4037 480 4104 jurisdictio
491 4042 682 4112 communicata
699 4056 758 4092 cum
778 4039 909 4105 equitibus
919 4045 948 4090 et
959 4039 1077 4091 libertis:
1095 4040 1127 4087 de
1138 4053 1191 4102 quo
1202 4041 1282 4089 toties
1291 4039 1362 4096 inter

253 4115 429 4175 ordinesol'uu
440 4127 570 4175 certatum
589 4123 718 4174 seditione
737 4121 881 4175 acriminis
900 4129 966 4170 erat.
1000 4119 1036 4170 At
1055 4127 1238 4184 procuratores
1258 4120 1302 4185 qni
1322 4121 1361 4173 rei

253 4196 374 4252 familiari
394 4208 494 4258 tantum
513 4204 638 4269 impositi,
654 4204 698 4268 qui
715 4204 742 4253 iu
760 4202 900 4269 provinciis
918 4201 1106 4252 Proconsulum
1125 4207 1171 4251 aut
1181 4202 1359 4265 legatorum:

253 4279 330 4347 piune
341 4282 438 4352 privati
449 4293 537 4349 eraut,
553 4291 582 4335 ct
600 4283 701 4354 iurique
719 4283 747 4337 in
767 4298 812 4335 cos
831 4282 980 4355 exemplum
996 4281 1125 4336 aTiberio
1135 4281 1243 4350 editum,
1262 4283 1360 4354 dequo
