3042 4950
519 429 557 477 IN
585 424 658 477 Lili-
681 428 739 478 111.
764 425 985 477 ANNALthi·
1218 413 1307 481 4486

150 628 154 635 ,
194 570 471 634 ‘Augustoclioienrimns
500 572 589 638 itaque
608 572 698 622 edidit.
733 572 772 621 0s
792 571 914 620 hominis!
943 569 1048 620 Scilicet
1059 575 1115 620 tota
1133 585 1164 621 00
1176 573 1259 624 oratio
1278 574 1305 623 in

199 654 369 704 Cliriensinm
385 655 477 705 scholis
498 653 671 713 instaurandis
697 661 856 718 occupatur:
882 667 988 718 quarunt
1008 653 1129 702 memoria
1152 653 1214 719 (uisi
1235 655 1305 720 apud

195 735 270 783 hunc
283 733 490 798 dormitatorem)
507 751 631 800 nusquam
642 741 686 784 aut
697 749 799 784 nomeu.
833 732 932 783 Adsero
945 733 992 783 tibi
1001 739 1070 783 tuum
1082 734 1189 797 gloriam
1206 735 1308 799 Augus·

139 824 144 833 ’
197 816 326 865 'tudunum
337 824 355 865 ε’
365 818 405 866 101
417 830 468 867 nno
480 817 544 879 ictu,
556 833 632 885 quem
644 832 695 865 uon
714 816 808 865 vitabit
824 816 887 880 ipse.
920 814 1051 880 Scriptum
1066 816 1103 864 ibi
1118 816 1203 866 enim:
1219 817 1306 868 ‘Civi-

200 903 282 946 tatem
295 899 481 949 1010111010Ιί1]
493 899 607 948 fraterno
617 899 710 963 Populi
721 898 827 947 Romani
841 898 942 947 nomine
954 897 1108 960 gloriatam’
1127 898 1179 951 Qui
1189 905 1306 950 auteme

198 979 295 1039 Gallis,
306 979 401 1030 fratres
414 982 501 1046 pupuli
513 982 631 1044 Romani,
642 989 738 1045 praeter
755 981 869 1030 AEduus?
886 994 994 1044 quorum
1005 980 1062 1028 haec
1073 978 1135 1029 urbs
1146 987 1234 1044 caput.
1269 979 1306 1032 At

200 1061 267 1110 enirn
281 1061 378 1112 ibidem
397 1063 521 1126 scriptum
533 1063 570 1129 (id
590 1079 673 1128 nuper
691 1065 766 1112 humo
781 1063 879 1112 amicus
897 1062 959 1111 mihi
980 1059 1132 1125 objiciebat)
1151 1062 1304 1112 ‘latrocinio

199 1156 256 1191 eam
267 1143 400 1194 Batavicoe
414 1145 559 1194 rebellionis
571 1147 701 1196 obsessam
712 1145 790 1194 tuisse
801 1144 817 1194 :’
843 1144 912 1210 quud
933 1144 976 1192 vix
995 1144 1133 1192 convenire
1152 1144 1261 1207 putabat
1276 1144 1303 1195 in

197 1223 304 1287 AEduus,
314 1227 358 1290 qui
370 1241 384 1275 0
395 1227 501 1276 Batavis
512 1228 555 1280 siti
567 1228 644 1291 longo
656 1227 803 1278 intervallo.
837 1226 887 1275 Sed
907 1226 961 1274 vito
980 1224 1056 1275 facile
1075 1225 1228 1288 petitionem
1239 1226 1307 1290 eJns,

198 1313 226 1354 et
235 1306 343 1355 discedo
352 1308 435 1357 latere
448 1316 526 1357 tecto.
542 1372 544 1377 θ
560 1311 628 1358 Nam
640 1313 776 1372 corruptos
793 1309 873 1370 lucus,
884 1306 1027 1372 scribuque',
1039 1306 1186 1369 Begorrdicoe
1198 1307 1304 1357 rebellio·

192 1387 241 1436 nis.
275 1388 370 1436 Batavi
382 1388 494 1437 latrones
505 1404 643 1454 numquam
662 1389 694 1438 ad
715 1404 744 1439 ea
765 1388 859 1454 penita
873 1389 945 1449 loca;
970 1402 1019 1438 nec
1034 1388 1164 1437 latrocinii
1184 1389 1302 1439 Batavici

196 1468 295 1518 mentio
313 1471 338 1519 in
349 1471 555 1532 mediterraneis,
567 1472 614 1521 suh
627 1470 653 1519 id
663 1486 757 1535 aevum.
791 1470 829 1521 At
840 1472 873 1520 de
892 1470 1033 1534 Bagaudis,
1050 1475 1169 1520 auctores
1179 1470 1303 1521 credendi

188 1547 241 1612 ‘qni
260 1563 302 1598 res
321 1551 480 1614 scripserunt
499 1552 665 1602 Diocletiani.
694 1545 802 1602 Victor:
830 1551 975 1617 ‘Namque
995 1551 1040 1600 ubi
1063 1551 1191 1615 comperit
1213 1550 1303 1601 Carini

193 1629 308 1680 dissessu
329 1631 455 1681 AEiiannm
478 1633 675 1699 rimandumque
697 1648 745 1697 per
768 1633 881 1682 Galliam
903 1633 990 1682 exeita
1009 1647 1085 1681 mann
1107 1632 1247 1694 agrestium
1269 1647 1301 1683 ac

187 1710 333 1775 latronum,
343 1729 405 1778 qum
418 1714 653 1781 Ragarrdasincolae
665 1721 769 1778 vocant,
777 1712 908 1778 populatis
916 1713 968 1761 late¹
978 1713 1045 1776 agris
1056 1705 1191 1777 plerasque
1200 1711 1301 1763 urbium

186 1797 316 1843 tentare:
335 1794 523 1846 Mahimiamrm
537 1797 724 1861 Imperatorem
737 1796 832 1861 jubet!
866 1795 1001 1845 Salvianus
1013 1794 1059 1844 lib.
1071 1809 1098 1844 v.
1110 1795 1143 1843 de
1155 1794 1301 1845 Gubernat.

195 1873 308 1938 ‘Itaque
320 1878 416 1939 passim
431 1879 469 1926 101
482 1878 514 1926 ad
533 1879 642 1937 Gothos,
661 1879 702 1926 101
718 1879 751 1927 ad
763 1877 912 1941 Bagardas,
925 1877 964 1925 101
987 1876 1019 1925 ad
1040 1876 1103 1924 aiios
1115 1876 1208 1941 ubique
1220 1876 1301 1926 domi·

196 1965 289 2006 nantes
301 1957 423 2008 barbarus
434 1960 557 2022 migrant,
568 1968 596 2008 et
605 1960 729 2024 migrasse
740 1974 791 2008 nun
800 1958 929 2023 poenitet.’
948 1958 1051 2007 Videet
1060 1958 1181 2007 Orosium
1194 1958 1238 2008 lib.
1248 1973 1300 2010 vn.

186 2038 238 2086 nbi
251 2045 348 2103 tamen,
359 2041 484 2090 Botiondoe
501 2043 527 2090 in
546 2056 659 2092 manusc.
678 2043 778 2103 codice,
795 2042 838 2107 qui
856 2041 925 2105 apud
945 2054 985 2090 me
1005 2049 1053 2101 est,
1070 2041 1174 2104 legitur,
1192 2041 1261 2090 sicut
1271 2047 1300 2091 01

184 2121 351 2177 Bocchoridae
362 2124 387 2171 in
400 2124 505 2174 Eusebii
516 2125 657 2174 chronicis.
676 2123 825 2187 spernimus
836 2138 897 2187 ergo
905 2123 1170 2186 Augustoclivienses,
1182 2122 1299 2172 Rhenaui

194 2204 299 2254 colonos
312 2219 405 2255 novos:
432 2213 460 2255 et
478 2207 609 2256 Maeniana
621 2208 666 2255 ilia
679 2206 858 2269 Augustuduni
869 2206 1057 2269 constituimus,
1068 2211 1098 2254 ut
1113 2205 1153 2255 hic
1165 2220 1197 2254 ex
1207 2206 1298 2257 Tacito

193 2282 277 2347 vides,
285 2287 460 2337 vetustissima
472 2295 531 2352 post
543 2290 695 2349 Massiliam,
707 2288 832 2339 bonarum
844 2288 935 2337 artium
948 2288 1018 2339 sede.

227 2367 299 2419 Anu.
318 2369 422 2434 Ergone
440 2378 570 2420 certamen
584 2372 644 2420 mihi
657 2386 758 2435 norum,
779 2387 825 2435 pro
841 2356 972 2420 veteribus
988 2368 1140 2418 Marianis?
1165 2384 1258 2419 norum
1270 2377 1299 2421 et
1329 2411 1331 2415 .

192 2464 321 2515 maguum,
331 2465 389 2502 curn
398 2452 452 2502 1110
464 2466 565 2518 magno.
589 2453 688 2504 Tecum
698 2453 830 2519 Stephane
842 2452 935 2517 Pighi:
954 2451 996 2516 qui
1008 2450 1034 2499 in
1047 2450 1161 2501 Hercule
1173 2450 1297 2502 Prodicio

191 2547 284 2596 nuper,
296 2527 351 2597 ipsu
363 2534 435 2583 aditu
447 2535 485 2584 tui
495 2536 588 2599 operis,
600 2537 637 2585 ita
649 2536 745 2585 aeriter
764 2541 792 2584 et
802 2535 887 2583 multis
898 2534 1022 2583 machinis
1034 2548 1078 2582 eas
1088 2534 1255 2598 oppugnanti,
1267 2539 1298 2583 ut

191 2614 305 2663 nesciam
317 2629 349 2663 an
362 2614 408 2663 sim
420 2617 596 2679 repugnando.
629 2617 725 2665 Tamen
743 2616 804 2680 quia
820 2630 918 2664 caussoe
938 2614 1048 2676 bonitas,
1066 2615 1115 2662 nisi
1129 2612 1217 2677 fallor,
1229 2630 1244 2664 a
1255 2628 1297 2663 me

181 2702 240 2758 rest,
258 2696 327 2745 nitar
338 2710 386 2760 pro
402 2696 514 2746 10111010
525 2713 530 2745 :
550 2698 684 2760 disponam
698 2698 765 2746 hanc
778 2696 830 2744 stili
847 2696 937 2757 aciem,
949 2710 1038 2743 manus
1050 2700 1136 2745 tecum
1148 2694 1296 2758 conseram3

191 2775 280 2824 sedat
295 2791 352 2826 cum
376 2778 469 2840 amico,
481 2780 558 2842 plane
570 2779 661 2828 aurire.
695 2779 733 2827 Ut
750 2792 800 2826 nun
813 2777 893 2826 sulum
914 2776 969 2825 siue
981 2775 1059 2840 plaga
1076 2790 1164 2840 pugna
1176 2776 1233 2826 haec
1252 2777 1296 2841 sit,

190 2856 235 2905 sed
248 2858 303 2907 sine
315 2860 477 2923 sugillatione
489 2868 534 2910 aut
545 2876 631 2911 urorsu
642 2879 648 2912 :
673 2862 739 2911 sicut
750 2862 826 2910 decet
837 2859 938 2908 mitium
949 2858 1060 2907 Dearum
1072 2857 1196 2909 alumnos.
1207 2858 1296 2921 Ἀγαθὴ

189 2938 209 2985 δ’
226 2935 272 3002 ἔρις
288 2938 329 2998 ἥδε
340 2943 453 3004 βροτοῖσι.
487 2944 610 3008 Quisquis
633 2943 689 2992 hauc
711 2943 790 3005 leges,
808 2940 931 2991 affectum
944 2941 970 2990 in
981 2956 1023 2990 me
1042 2948 1144 3006 autpru
1157 2958 1197 2992 me
1209 2958 1294 3008 pone:

188 3017 279 3081 Μικρὸν
287 3019 417 3085 φροντίζων
425 3023 468 3070 τοῦ
477 3021 567 3087 Λιψ101,
577 3026 621 3082 τῆς
632 3022 657 3073 δὲ
666 3022 777 3082 ἀληθείας
784 3021 847 3071 πολὺ
856 3024 959 3083 μᾶλλον.
993 3024 1057 3073 Dixi
1066 3039 1114 3088 egu
1126 3024 1225 3074 nobiles
1237 3025 1294 3075 illas

189 3099 317 3150 Oratione
329 3104 447 3153 Euureuii
462 3106 562 3154 sclrulas
579 3105 735 3171 (Maenianas
752 3107 809 3170 ipse
821 3105 948 3171 appellat)
960 3105 1143 3169 Augustuduni
1156 3108 1182 3156 in
1194 3106 1296 3157 Celtica

188 3180 286 3232 fuisse:
306 3189 343 3246 tu,
358 3186 443 3249 Pighi,
454 3185 660 3251 Augusto-Clivii
672 3205 715 3238 000
723 3190 834 3238 collocas
842 3190 867 3237 in
879 3195 995 3238 extrema
1005 3188 1114 3252 Belgica
1123 3187 1155 3237 ad
1168 3188 1294 3238 Rhenum.

188 3257 300 3315 1101010
311 3268 365 3316 0010
377 3274 404 3318 01
420 3270 494 3333 00110,
509 3272 578 3335 quud
590 3269 695 3334 dicitur,
707 3272 867 3321 dissidemus.
901 3272 960 3320 Tua
972 3278 1123 3334 argumenta
1134 3270 1293 3334 praevidebu,

187 3347 320 3398 subseram
340 3365 404 3399 11100.
439 3349 484 3400 Α11
503 3353 595 3415 primu,
615 3354 663 3402 niti
684 3361 710 3403 te
732 3369 807 3403 sacra
826 3352 973 3403 Constantii
992 3351 1103 3402 Caesaris
1120 3351 1231 3415 epistola
1250 3351 1295 3418 (ea

178 3430 308 3479 0101101ιί
316 3432 414 3482 inserta
425 3432 478 3498 est)
490 3434 514 3483 iu
526 3450 577 3499 qua
589 3434 889 3499 Augusto-Olivieusium
898 3433 1023 3499 oppidum
1033 3432 1131 3483 diserte
1138 3432 1293 3482 nominatur.

186 3512 290 3562 Verba:
308 3514 316 3540 ‘
329 3512 467 3564 Merentur
479 3523 506 3565 et
517 3517 587 3566 Galli
600 3518 689 3579 nostri,
703 3526 732 3568 nt
740 3533 829 3568 eurum
837 3517 934 3581 liberis,
945 3530 1054 3581 quorum
1066 3516 1154 3566 vitain
1164 3515 1294 3579 Augusto·

185 3592 352 3643 Cliuiensiuru
365 3595 443 3660 opido
462 3598 580 3661 ingenuis
599 3601 697 3649 artibus
715 3601 849 3662 eruditur3
867 3606 894 3650 ct
908 3599 957 3663 ipsi
968 3595 1154 3659 adolescentes,
1165 3602 1292 3646 uteorum

183 3673 266 3724 indoli
278 3678 413 3726 consulere
424 3680 573 3742 cupiamus!
607 3681 676 3741 Huc,
690 3679 777 3745 Pighi,
784 3681 889 3729 adfers?
906 3679 966 3729 vide
977 3692 1010 3727 ne
1021 3678 1120 3729 Lunam
1131 3678 1206 3740 hanc,
1222 3677 1291 3741 quod

185 3754 274 3806 Graeci
285 3756 387 3822 dicunt,
399 3760 425 3809 in
438 3765 464 3809 10
481 3762 617 3811 detrahas:
644 3769 698 3824 aut,
717 3762 787 3826 qnod
806 3762 902 3819 Latini,
922 3758 1020 3808 asciam
1040 3759 1089 3807 tuis
1100 3758 1164 3823 ipse.
1174 3759 1291 3809 cruribus

184 3837 277 3889 illidas.
312 3840 380 3890 Nam
400 3840 437 3890 ita
447 3841 551 3906 quidem
572 3842 710 3892 Rhenanus
727 3842 852 3906 vulgavit,
861 3841 962 3891 fateorz
980 3840 1116 3905 sed,quod
1128 3841 1235 3892 0011010
1247 3850 1292 3892 tna

184 3918 303 3983 interest,
319 3921 395 3970 aliter
406 3927 432 3971 et
445 3938 460 3971 a
471 3938 529 3972 mea
545 3923 633 3974 merite
650 3924 693 3973 diu
713 3931 774 3974 ante
785 3923 856 3972 illum
869 3922 1052 3987 cuspinianus,
1063 3924 1089 3972 in
1101 3940 1152 3989 qno
1164 3925 1290 3990 reperies,

184 4001 431 4063 Aaguuouunmaium
446 4004 523 4068 opido,
541 4007 622 4055 clare.
655 4007 716 4057 Utri
735 4006 891 4057 credendum
907 4005 1005 4068 magis?
1029 4015 1077 4071 ego
1089 4006 1147 4056 huic
1158 4020 1292 4072 censeam,

184 4096 236 4131 nun
254 4083 663 4160 001111111ιὶ01111110110100111110
681 4088 830 4152 probitatis,
842 4088 887 4136 sed
907 4087 989 4151 magis
1006 4088 1065 4152 quia
1077 4088 1150 4137 libris
1162 4088 1250 4153 probis
1263 4085 1290 4139 et

183 4165 295 4213 ’10110110
307 4179 366 4213 usus
378 4163 447 4230 (tuta
459 4167 547 4217 Editio
559 4169 651 4229 docet,
678 4169 785 4220 infinitis
802 4170 920 4234 partibus
938 4170 983 4219 illa
1000 4171 1117 4219 Rhenani
1128 4171 1228 4233 melior,
1238 4171 1289 4221 imo

181 4252 213 4302 et
224 4239 339 4307 auctior)
355 4261 419 4311 quos
431 4248 498 4297 alter
508 4250 627 4300 habuisse
640 4249 737 4300 fatetur
752 4252 843 4300 nullos.
875 4252 960 4315 Igitur
971 4251 1019 4300 hoc
1033 4251 1115 4300 telum
1127 4266 1231 4315 anceps,
1244 4256 1290 4300 aut

182 4325 231 4377 tihi
243 4326 395 4380 adversum:
412 4328 655 4398 ideoquevalidiore
662 4333 718 4397 jam
731 4347 839 4397 pugnas.
862 4334 957 4384 Exstat
965 4331 1045 4396 ipsius
1058 4332 1185 4396 Eumenii,
1196 4332 1290 4398 inquit,
