3042 4950
260 389 349 461 ttrss
621 404 652 454 r.
676 403 790 454 orosii
814 402 1014 454 nxcnasns

239 551 244 557 ⁴
293 553 389 605 cunr
400 550 432 601 de
439 548 575 601 intervallo
585 549 709 614 temporis
720 554 830 598 anione
841 547 960 612 conjugis
971 547 1014 597 rei
1022 545 1144 609 οἰωνοῖο,
1162 545 1197 597 sd
1213 544 1361 611 omingin

260 647 362 684 norum.
396 632 489 697 Neque
500 631 568 681 enirn
580 630 689 693 probata
699 629 778 681 Juliis
789 629 889 693 legibus
901 629 1080 693 monogamiaz
1098 628 1145 678 sed
1156 627 1189 677 sd
1200 629 1363 679 matrimonia

262 715 389 779 compulsi
407 715 510 774 iteruin,
521 712 602 776 vidui,
619 721 665 762 aut
680 712 818 775 disparati.
851 713 1044 776 Discreparunt
1062 711 1088 759 in
1110 716 1228 774 ternpore
1244 710 1317 762 Julia
1335 716 1364 760 et

263 796 355 865 Papia.
388 797 456 845 Nam
473 804 503 845 ut
512 795 638 860 Ulpianus
649 801 723 843 nutat
738 793 782 842 tit.
796 806 859 843 xrr.
892 793 1005 843 Feminis
1027 794 1071 842 lex
1081 792 1153 844 salis
1173 807 1189 840 a
1208 791 1363 855 monensi,

264 880 324 930 suni
336 878 499 928 vacationem
512 876 618 926 tribuit:
636 890 652 925 a
667 874 790 936 diuortio,
802 875 927 924 mensium
939 889 994 925 sex.
1025 875 1064 924 At
1074 874 1158 939 Papia
1168 874 1332 935 elementior,
1349 889 1365 922 a

262 967 347 1010 morte
362 959 492 1008 biennium
510 957 632 1017 indulsit3
650 972 666 1006 a
685 956 803 1020 repudio,
812 971 906 1006 annum
925 963 954 1007 et
970 971 1073 1006 menses
1089 972 1143 1006 sex.
1179 956 1210 1005 ln
1230 955 1364 1017 monio,

262 1042 410 1092 Triennium
421 1042 509 1103 leges:
526 1053 575 1088 nec
591 1039 617 1088 io
632 1045 659 1087 te
671 1038 770 1087 turbet.
802 1040 922 1089 Exsoluit
939 1053 997 1087 enon
1017 1038 1112 1087 nodum
1130 1038 1180 1087 Dio
1201 1038 1228 1086 iu
1247 1038 1364 1088 mnibus

262 1122 374 1187 Augusti
387 1121 630 1171 coaulicorum.
648 1118 755 1168 naiotrt
766 1120 873 1170 hacho
882 1119 964 1181 pinos
979 1118 1107 1181 κωήιεοξο
1118 1120 1185 1181 lois,
1198 1119 1264 1168 iuni
1278 1118 1307 1168 sb
1320 1117 1365 1180 pir

263 1201 463 1269 πρῦτοντρῐοέτη
479 1202 525 1271 ihu
534 1201 591 1266 προς
601 1201 749 1266 rupuurtinp
756 1203 809 1262 ὑμῖν
819 1201 901 1265 ἔδωκα,
910 1201 940 1251 rb
955 1201 982 1251 δὲ
993 1201 1109 1265 δεύτερον,
1127 1200 1183 1252 tto:
1199 1201 1227 1250 id
1238 1206 1294 1251 est:
1314 1201 1364 1250 Νοο

263 1288 295 1336 nil
313 1286 361 1334 istc
374 1284 520 1346 festinanter
534 1285 617 1349 impoli
632 1298 681 1347 uos,
692 1286 733 1334 secl
749 1285 855 1347 ρήοιοοι
872 1290 922 1334 tres
931 1286 1037 1346 inegros
1046 1299 1119 1333 οοοιοο
1128 1285 1160 1333 ιο
1170 1287 1313 1346 apparatum
1328 1279 1364 1331 rei

263 1367 550 1429 omousianorum.

296 1451 392 1501 Cunus
413 1451 446 1499 de
469 1449 581 1513 praemiis
601 1450 764 1511 maritorum,
775 1456 949 1515 patroniquez
978 1449 1047 1515 qnod
1069 1451 1095 1500 in
1117 1449 1207 1500 ordine
1225 1446 1364 1511 septimum

264 1530 354 1596 fuisse,
364 1531 469 1596 colligas
481 1546 514 1582 ex
525 1530 620 1594 Agellii
640 1531 659 1580 l.
671 1545 703 1580 rr.
716 1536 755 1580 lb.
790 1531 908 1580 Prasmiis
920 1531 987 1580 enirn
1003 1531 1132 1581 invitandi
1142 1527 1303 1579 fuerunt-ad'
1312 1542 1365 1576 ma·

264 1614 385 1664 trimonia
395 1621 424 1664 et
435 1615 530 1677 prolem
541 1610 765 1677 frequentandam.
798 1610 912 1660 Praemia
931 1612 1039 1660 duorum
1057 1625 1189 1675 generum,
1200 1610 1321 1659 Honores
1337 1613 1366 1658 et

264 1696 412 1747 Commoda.
445 1697 510 1748 Qua
520 1694 633 1756 largiora
642 1700 751 1758 utraque
765 1692 835 1757 apud
847 1700 950 1756 patres:
962 1693 1081 1758 quadam
1092 1699 1178 1743 tannen
1190 1691 1296 1742 sennim
1304 1690 1366 1739 dats

266 1777 345 1828 etiam
364 1777 472 1826 maritis.
504 1776 604 1837 Veluti,
621 1776 756 1825 honestior
775 1775 801 1823 in
820 1775 975 1839 spectaculis
992 1776 1073 1826 locus.
1104 1776 1242 1826 Suetonius
1253 1772 1366 1837 Augusti

266 1873 289 1908 e.
300 1863 340 1908 44.
356 1858 490 1907 ‘Militem
502 1858 615 1908 secreuit
632 1858 769 1922 apupnlo:
788 1856 915 1907 inuritise
935 1856 1012 1921 plebe
1029 1858 1149 1922 proprios
1167 1856 1270 1906 ordines
1282 1854 1366 1920 οὼίς-

208 1992 214 2005 ,
265 1939 355 1990 norit!
388 1942 424 1990 Et
435 1940 467 1989 ad
479 1955 535 1989 earn
547 1940 700 1990 senteutiam
714 1939 824 2003 accipio,
843 1939 912 2003 qood
929 1939 1007 2003 poeta
1018 1939 1152 2004 Hispanus
1163 1937 1250 1989 facete
1260 1936 1365 1987 scribit:

265 2021 406 2086 ‘Spadone
417 2036 475 2071 cuin
488 2022 522 2070 sis
533 2022 657 2071 eviratior
671 2020 751 2084 fluxu,
771 2022 885 2071 Theatra
905 2021 1027 2087 loqueris,
1048 2027 1077 2070 et
1097 2020 1201 2085 padus,
1218 2026 1247 2069 et
1269 2019 1367 2082 edicta,

264 2104 433 2168 Trabeasque
444 2111 472 2152 et
483 2103 556 2166 Idus,
563 2103 707 2170 fibulasque
718 2118 872 2168 censusque.
905 2104 1003 2153 Sedere
1013 2103 1040 2151 in
1051 2105 1167 2168 equitum
1178 2102 1258 2152 liceat
1269 2099 1368 2151 arr-tibi

265 2186 374 2235 scamnis
382 2184 483 2234 Videbo
494 2186 626 2250 Didyme3
644 2187 770 2237 nonlicet
781 2184 953 2235 maritorum!
986 2185 1184 2235 Processerunt
1199 2185 1262 2233 item
1279 2180 1367 2232 mariti

265 2267 293 2316 iu
303 2256 466 2332 magistratu,
477 2274 504 2317 et
521 2269 548 2318 in
559 2267 679 2320 fascibus.
711 2268 846 2334 Ageliius:
865 2270 873 2296 ‘
886 2268 981 2332 Capite
992 2268 1102 2332 septimo
1114 2267 1178 2331 legis
1192 2266 1271 2318 Julius
1287 2264 1367 2329 priori

265 2349 462 2400 exconsulibus
472 2349 556 2400 fasces
566 2352 682 2402 srimendi
693 2358 809 2416 potestas
819 2358 870 2415 est,
880 2366 929 2400 non
946 2351 991 2415 qui
1009 2350 1106 2414 plureis
1126 2362 1205 2399 annos
1225 2356 1300 2397 natus
1318 2353 1367 2408 est,

265 2430 312 2482 sed
323 2431 367 2497 qui
386 2432 473 2496 plures
490 2432 585 2484 liberos
597 2450 673 2501 quarn
692 2434 792 2498 collega
810 2440 855 2484 ant
874 2435 899 2484 in
919 2447 965 2483 sna
983 2438 1118 2497 potestate
1135 2431 1215 2481 babet
1231 2437 1276 2481 aut
1297 2429 1366 2480 bello

265 2514 360 2563 amisit.
392 2514 443 2563 Sed
452 2516 473 2564 si
485 2530 533 2580 par
543 2518 644 2582 utrique
657 2532 778 2568 numerus
787 2518 926 2568 liberorum
937 2524 986 2577 est,
996 2516 1104 2565 maritus
1114 2521 1158 2564 aut
1168 2514 1248 2579 quiin
1260 2527 1366 2564 numero

265 2597 415 2647 maritorum
427 2605 468 2647 est
477 2598 632 2663 prefertur!
665 2599 697 2650 Iu
717 2615 825 2652 numero
841 2599 1002 2658 maritorum,
1018 2597 1046 2647 id
1065 2604 1115 2658 est,
1126 2596 1226 2660 opinor,
1243 2608 1366 2659 sponsus:

264 2677 307 2726 vel
318 2678 397 2728 eiiam
408 2680 451 2744 qui
459 2680 503 2744 jus
513 2681 610 2732 habeat
620 2682 653 2731 ub
664 2682 825 2746 Imperatore
837 2680 934 2730 mariti.
965 2678 997 2728 lo
1016 2677 1086 2727 enim
1097 2690 1199 2741 quoque
1215 2675 1270 2725 duri
1288 2675 1366 2737 solet,

265 2758 364 2820 pariter
381 2776 412 2810 ac
426 2762 470 2826 jus
488 2762 635 2812 liberorum.
669 2762 760 2812 Didici
777 2777 811 2812 ex
831 2763 907 2810 unico
925 2759 1019 2810 Dionis
1034 2759 1092 2808 ioco
1109 2758 1126 2807 i.
1139 2770 1182 2806 ux.
1194 2756 1227 2806 de
1239 2755 1365 2806 Claudio:

264 2839 318 2888 Tuis
332 2840 532 2903 στρατευομένοις,
551 2843 629 2901 ἐπειδὴ
645 2844 758 2904 γννοῦοος
776 2842 818 2891 οὐκ
839 2840 950 2890 ἐδύναντο
967 2839 994 2889 ἔκ
1002 2857 1033 2901 ’γε
1047 2843 1095 2889 τῶν
1104 2839 1180 2900 νόμον
1190 2836 1264 2901 ἔχειν,
1274 2837 1306 2887 τὰ
1319 2840 1367 2887 τῶν

265 2918 435 2981 γεγαμηκότων
456 2922 599 2984 δοιοιόμοτο
621 2921 709 2972 {burm
728 2922 755 2971 id
777 2928 833 2970 est:
846 2921 976 2984 Militibus,
996 2922 1104 2986 οοοοίοοο
1123 2936 1155 2971 ex
1172 2921 1263 2983 legibus
1280 2935 1368 2970 sorores

266 3002 349 3051 sturm
360 3003 392 3051 iis
402 3019 448 3052 non
458 3005 617 3067 includam
625 3006 766 3055 muitarum
776 3004 895 3053 οοοοιοοίτ.
928 3004 979 3053 Sed
991 3010 1018 3053 et
1029 3005 1104 3067 plura
1113 3003 1211 3052 maritis
1231 3002 1368 3066 privilegiu

265 3079 292 3130 iu
303 3085 651 3146 sorte,inadministratioue
662 3085 867 3150 provinciarum:
886 3099 943 3149 qnae
962 3085 1063 3135 hauries
1080 3099 1114 3134 ex
1132 3083 1242 3149 praenniis
1262 3090 1366 3147 patrum

265 3163 364 3227 statim,
375 3179 408 3214 ne
420 3166 509 3215 eadent
519 3166 639 3216 iteranda
649 3166 711 3216 siut.
744 3161 867 3217 Patribus
878 3173 1000 3229 certent
1017 3165 1137 3230 praedixi,
1153 3165 1262 3228 premia
1280 3165 1366 3215 uberi·

266 3258 320 3307 ora,
331 3253 358 3294 et
370 3246 447 3309 pleno
459 3248 653 3305 velotdiruenso
664 3248 759 3311 legum.
793 3247 877 3312 quue
888 3262 938 3297 non
950 3249 1032 3298 solum
1044 3262 1059 3297 e
1069 3246 1140 3299 tutia
1150 3235 1196 3298 aut
1207 3247 1301 3311 Papia,
1317 3245 1366 3296 sed
1408 3253 1411 3262 '

265 3340 337 3376 more
349 3328 423 3377 Rom.
435 3329 529 3392 prisco.
561 3330 569 3356 ‘
583 3330 639 3378 Lex
651 3329 728 3379 sociis
737 3345 768 3378 ac
780 3329 889 3379 nominis
901 3329 998 3392 Latini,
1007 3329 1051 3394 qui
1061 3330 1168 3392 stirpem
1183 3343 1216 3377 ex
1227 3342 1286 3377 sese
1295 3327 1367 3378 donni

265 3407 448 3473 relinquerent,
459 3410 548 3474 dabat,
557 3418 585 3460 ot
596 3409 667 3461 cives
677 3412 787 3461 Romaiu
798 3409 909 3474 fierent,'
925 3412 963 3462 ait
974 3412 1060 3462 Liuius
1078 3411 1096 3459 l.
1108 3421 1164 3459 xor.
1197 3410 1266 3459 item
1275 3425 1290 3458 a
1299 3411 1366 3460 Cen·

266 3489 374 3553 roribus,
389 3491 397 3519 ‘
411 3491 441 3539 lu
453 3499 576 3557 quattuor
589 3491 700 3542 urbanas
718 3492 801 3542 tribus
817 3493 868 3556 [eae
888 3500 974 3543 autern
993 3492 1076 3542 minus
1094 3491 1221 3554 bonate]
1241 3492 1366 3559 descripti

267 3578 341 3621 etant
349 3572 474 3637 libertini,
485 3580 582 3637 praeter
600 3588 644 3623 eus
655 3574 746 3638 quibus
764 3574 832 3623 iilius
844 3575 1001 3641 quinquenni
1019 3575 1102 3638 msJor
1113 3589 1146 3623 ex
1165 3575 1215 3624 SC.
1227 3578 1313 3637 esset‚’
1328 3575 1366 3624 ait

265 3652 334 3703 idern
356 3655 374 3704 i.
392 3667 455 3705 ιον.
488 3655 801 3721 JuliusCaesar,‘agrum
813 3658 974 3722 Campanum
995 3656 1083 3705 divisit
1103 3662 1293 3706 extraaorteui
1317 3671 1364 3707 xx.

266 3738 377 3788 millibus
388 3741 492 3803 civium,
502 3740 593 3805 quibus
606 3742 672 3790 terni
684 3742 805 3805 pluresve
814 3742 889 3791 liberi
900 3744 1006 3802 essent‚’
1016 3746 1046 3789 nt
1056 3745 1131 3790 notat
1140 3741 1280 3791 Suetonius
1290 3755 1314 3790 c.
1323 3745 1366 3791 2⁰.

266 3819 419 3882 etnhppian.
432 3822 549 3880 Ciuilium
564 3835 595 3872 ιι.
613 3827 640 3871 et
652 3823 772 3886 exempla
783 3822 898 3885 reperies
914 3820 968 3871 fors
979 3820 1013 3871 sit
1028 3823 1110 3885 plura.
1144 3822 1196 3871 Sed
1206 3821 1326 3885 Augusto
1338 3823 1366 3871 in

267 3898 357 3961 primis
371 3914 488 3949 esurire:
506 3916 556 3950 non
570 3903 629 3966 lege
641 3903 1097 3967 Papiasolon1,ntceusentquidam
1110 3904 1178 3952 iraud
1190 3901 1302 3968 evulgo,
1319 3903 1366 3954 sed

262 3978 363 4041 jamdiu
373 3987 442 4029 ante.
475 3982 552 4033 Quod
563 3985 703 4034 ciarumex
719 3984 751 4032 iis
765 3997 822 4045 quoe
833 3982 883 4032 Dio
903 3984 995 4033 scribit
1011 3986 1117 4035 n111.de
1138 3986 1291 4049 presidibus
1308 4000 1366 4048 pro·

266 4060 415 4123 sinoisrum,
425 4067 453 4110 et
464 4076 507 4111 nv.
519 4070 580 4112 ante
589 4064 697 4127 Papium
709 4052 795 4113 latam.
829 4064 924 4113 Fateor
935 4071 1032 4127 tamen,
1041 4067 1108 4130 quoii
1119 4067 1203 4131 Papia
1211 4068 1366 4132 praesertim.

267 4140 381 4190 Praernin
391 4142 544 4193 πολυπαιδίας
559 4160 592 4193 ex
612 4160 644 4194 ea
662 4147 731 4209 lege,
748 4160 798 4195 nun
816 4145 929 4197 absurde
947 4146 1046 4209 fecero,
1062 4148 1083 4197 si
1100 4149 1191 4198 ordine
1212 4153 1365 4212 proponam.

268 4220 392 4272 Primum.
425 4223 463 4276 Ut
485 4226 510 4273 in
533 4226 661 4288 petitione
684 4227 819 4279 candidati
846 4228 1026 4294 praeferantur,
1048 4230 1139 4295 quibos
1157 4230 1241 4280 ,liberi
1268 4229 1366 4293 plures.

266 4301 372 4353 Tacitus
383 4305 400 4355 h
411 4319 442 4386 ¹.¹‘
459 4306 578 4356 ‘Contra
588 4308 705 4374 plerique
716 4309 878 4375 nitebantur,
887 4315 918 4359 ut
936 4324 1058 4361 numerus
1074 4312 1216 4364 liberorum
1235 4310 1262 4361 in
1278 4309 1367 4361 cendi·
