3042 4950
239 431 327 499 4502
594 440 626 493 r.
650 435 767 488 mrsu
792 432 988 485 nxounsus

239 586 356 653 ωηηι.
387 586 424 638 lit
438 582 528 634 hercle
544 581 583 632 uti
601 580 709 630 aliarum
719 593 808 629 rerunt
825 577 964 627 venalium
975 572 1198 627 centesimafuit:
1215 570 1344 626 sleQain·

241 670 393 745 quagesima
403 663 607 727 mancipiorum:
624 661 755 724 ausimque
766 660 794 708 in
801 658 894 708 Tacito
904 672 1043 722 reponere,
1052 654 1259 721 Μυρτίω.
1286 651 1346 702 Atta

241 748 456 823 quinquagesima
474 752 525 805 est,
541 743 574 796 de
586 758 638 807 qua
655 742 681 790 in
698 740 863 805 Symmacho,
879 745 907 787 et
917 737 996 798 iufra,
1007 739 1056 787 boc
1066 737 1123 800 ipso
1140 736 1214 786 libro.
1247 732 1307 783 Fuit
1318 738 1346 783 et

240 833 371 886 vicesima
378 827 572 887 hereditatium,
582 824 702 875 instituta
718 824 750 872 ab
768 821 886 886 Augusto
907 821 940 869 ad
960 819 1079 869 aerarium
1098 817 1224 867 militare:
1242 814 1276 864 de
1295 827 1347 877 qua

241 916 296 969 Dio
306 917 325 966 l.
336 927 380 963 nv.
392 911 458 960 actis
469 908 529 957 anui
540 918 647 956 occntx.
664 903 712 963 ’libr
722 901 833 960 «iaromir
842 905 889 951 τῶν
900 919 928 950 τε
936 898 1029 963 κλήρων
1039 897 1078 948 eat
1087 900 1135 947 miv
1150 898 1239 960 δορεῦν
1249 893 1277 944 ds
1285 893 1347 943 irai

242 990 399 1049 τελειπὸντές
408 1009 467 1054 τισι,
482 989 547 1048 πλὴν
559 991 607 1038 τᾶν
623 983 696 1036 latro
704 987 827 1048 σνγγενῦν
841 983 857 1043 ἡ
872 982 912 1034 esi
921 981 1035 1042 wirrae,
1045 978 1222 1041 καταλείπουσι,
1232 973 1347 1034 mmsi-

241 1096 311 1128 oaro.
343 1073 513 1139 Temperavit
524 1087 581 1122 earn
592 1072 692 1131 Nerva,
703 1076 731 1119 et
743 1068 823 1130 magis
834 1066 977 1129 Trajauus:
995 1064 1028 1112 de
1046 1062 1140 1127 quibus
1156 1060 1237 1109 multa
1248 1057 1347 1107 Plinius

241 1144 268 1213 iu
281 1158 460 1209 manatione:
479 1154 522 1218 qui
533 1151 637 1201 omnino
649 1149 785 1207 videndus,
796 1148 817 1196 si
827 1147 877 1195 rim
891 1146 1047 1208 intellegere
1057 1157 1118 1192 ares
1130 1141 1186 1205 ejus
1199 1139 1348 1203 rectignlis:

243 1245 353 1306 postque
375 1236 433 1286 illos
454 1233 600 1285 Antoninus
619 1230 801 1294 Philosophus,
821 1227 855 1277 de
877 1241 930 1291 qno
950 1225 1128 1289 Capitolinus:
1145 1223 1249 1285 ‘Leges
1269 1220 1348 1273 etiarn

242 1319 349 1372 addidit·
364 1317 432 1383 [sire
449 1313 536 1377 edidit]
556 1313 589 1363 de
603 1311 726 1362 vicesima
744 1309 934 1359 hereditatum:
952 1307 985 1355 de
997 1305 1102 1356 tutelis?
1134 1302 1267 1353 Videndus
1285 1300 1349 1350 item

246 1401 354 1452 Paullus
365 1398 383 1448 1.
394 1412 433 1447 tv.
444 1397 517 1446 Seut.
528 1394 569 1446 tit.
580 1407 620 1442 vt.
630 1391 676 1442 lib.
689 1392 735 1440 ult.
752 1391 785 1442 C.
802 1388 835 1439 de
849 1389 936 1438 edicto
947 1391 984 1439 D.
1000 1386 1127 1437 Hadrian.
1140 1386 1195 1435 toll.
1218 1384 1261 1433 De
1272 1383 1350 1432 Vice-

243 1483 317 1537 simm
326 1478 428 1544 iegibus
439 1477 536 1543 primus
548 1474 652 1538 scripsit
663 1473 699 1525 Α.
708 1472 811 1530 Ofilius,
818 1478 847 1522 et
858 1478 920 1535 post
930 1485 989 1519 euru
1001 1470 1092 1519 Macer
1103 1468 1182 1517 libros
1190 1466 1250 1516 duo.
1273 1464 1360 1523 iures

244 1562 288 1614 nio
298 1567 328 1613 et
344 1562 370 1610 iu
382 1557 522 1623 lapidibus,
542 1568 726 1609 ruocruaroa
744 1566 793 1604 xx.
814 1563 1040 1603 nauanrrurtvas.
1057 1551 1130 1613 item,
1145 1558 1351 1598 anouamsrnn.

241 1638 584 1705 ⁴rttt.11aunn1rarras.qui
601 1642 746 1702 postremus
765 1635 857 1685 titulus
876 1635 909 1684 ab
929 1648 971 1696 eo,
988 1632 1066 1696 quod,
1083 1630 1122 1680 uti
1139 1628 1251 1679 ePlinio
1262 1626 1352 1691 discis,

245 1723 378 1789 publicani
387 1720 544 1787 colligebant
553 1720 604 1770 boc
615 1717 744 1781 uectigal:
763 1730 872 1782 quorum
882 1715 1014 1778 Magistri,
1021 1721 1049 1764 et
1061 1711 1239 1776 Promagistri.
1262 1709 1350 1760 Satis:

245 1819 294 1856 uec
305 1804 374 1855 euim
385 1790 631 1857 Jurisconsultorum
641 1799 742 1864 frugem
752 1799 886 1849 demetere
899 1795 1060 1863 propositum
1073 1794 1156 1846 nobis.

345 2490 631 2573 excursus
660 2491 739 2567 un
768 2485 971 2564 auran.
1003 2483 1111 2559 utu.
1143 2477 1258 2555 xm.

783 2728 817 2778 A.

278 2878 380 2938 caus.
403 2879 518 2931 Taurus
536 2880 605 2930 euim
627 2885 658 2929 nt
675 2877 752 2927 tarde
769 2870 907 2939 aliquando
925 2870 1050 2935 juventus
1069 2869 1160 2915 nostra
1179 2860 1272 2924 discat,
1292 2854 1354 2924 quid

246 2958 413 3023 Tempestiva
424 2960 551 3022 convivia,
562 2959 626 3025 quid
636 2957 838 3023 Intempestive.
866 2953 970 3015 Discat,
979 2958 1007 3000 et
1018 2947 1136 2998 dediscat
1147 2945 1192 2995 illa
1202 2958 1261 3009 quae
1273 2952 1357 3005 nuper

245 3040 332 3100 bausit
342 3057 358 3090 a
369 3042 469 3106 maguis
480 3042 619 3105 magistris.
652 3040 735 3091 Aiunt
755 3036 901 3088 convivium
918 3032 1115 3097 'tempestivum
1134 3041 1197 3088 esse,
1212 3023 1281 3089 quod
1292 3028 1356 3072 tem·

247 3137 312 3186 pore
323 3123 490 3173 celebretur:
508 3123 589 3173 verbo
599 3137 680 3187 reque
690 3123 843 3172 honestum:
860 3132 910 3167 nec
927 3116 954 3164 iu
971 3113 1035 3163 vitio
1053 3109 1114 3175 poni
1127 3120 1258 3172 umquam,
1269 3102 1319 3152 uisi
1330 3100 1357 3150 in

244 3204 318 3254 libris
328 3203 437 3254 vitiatis.
470 3207 540 3255 Ecce
556 3206 600 3254 alii
612 3205 656 3270 qui
666 3203 861 3267 Tempestirum
872 3198 980 3248 nihilum
992 3193 1099 3245 differre
1111 3191 1198 3240 dicant
1214 3185 1248 3235 nb
1258 3184 1357 3233 Intem-

246 3284 365 3349 pestiro:
383 3293 411 3334 et
419 3286 445 3335 iu
453 3288 530 3349 culpa
541 3287 659 3336 babitum
671 3291 819 3348 utrumque.
853 3280 974 3330 Tertium
985 3276 1048 3337 vidi,
1058 3273 1102 3340 qui
1114 3270 1233 3322 convitia
1243 3273 1358 3328 tempes-

246 3366 301 3415 tiva
312 3368 391 3418 vellet
403 3383 468 3431 esse,
482 3384 540 3434 quae
552 3369 629 3419 statis
647 3349 778 3431 certisque
791 3363 951 3428 temporibus
964 3359 1113 3425 preberent
1124 3351 1284 3403 sacerdotes.
1317 3345 1359 3410 Iu·

246 3447 357 3512 ducunt,
368 3455 396 3499 et
407 3450 546 3500 seducunt.
573 3448 671 3499 Audite
683 3463 723 3498 me
730 3447 854 3511 juvenes,
863 3451 901 3506 et,
910 3458 970 3493 cum
981 3442 1049 3489 bono
1059 3434 1203 3494 Mercurio,
1213 3431 1279 3480 inite
1292 3428 1358 3477 riam

246 3537 355 3580 rectam.
389 3532 519 3597 Legitima
530 3531 642 3581 convivii
654 3530 718 3580 bora
734 3527 804 3592 apud
824 3529 952 3577 Romanos
970 3522 1078 3586 priscos,
1095 3518 1141 3567 Sol
1158 3527 1273 3565 occasus.
1306 3509 1358 3559 Sal-

246 3610 339 3664 tiauus
348 3612 394 3664 lib.
405 3628 426 3663 1.
443 3612 598 3679 ‘Numquid
607 3626 713 3677 parcam
733 3610 806 3660 illam
817 3615 879 3658 tuuc
890 3611 1073 3669 agrestemque
1088 3599 1168 3648 vitam
1186 3609 1245 3643 cum
1262 3589 1359 3657 gemitu

247 3700 277 3744 et
287 3694 376 3745 dolore
388 3696 545 3758 tolerabant,
557 3710 617 3745 cum
629 3694 692 3743 viles
701 3681 734 3742 ac
746 3690 856 3740 rusticos
868 3687 951 3748 cibos,
963 3688 1023 3733 ante
1039 3681 1108 3745 ipsus
1124 3675 1216 3742 qttibus
1235 3672 1360 3724 coxerant

246 3772 320 3825 focos
331 3784 464 3826 sumerent
474 3792 570 3842 eosque
581 3776 653 3840 ipsos
664 3788 760 3838 capere
773 3772 822 3821 uisi
839 3769 872 3819 ad
892 3778 1027 3829 vesperam
1041 3775 1094 3809 uon
1113 3754 1232 3807 licerett‘
1265 3754 1357 3817 Itaque

247 3854 429 3921 quiavespere
441 3874 529 3910 creua:
551 3859 611 3909 ideo
630 3856 764 3922 proverbii
782 3853 867 3904 forma
884 3851 910 3898 iu
928 3847 1035 3907 Plauto,
1053 3846 1083 3893 de
1100 3854 1194 3904 vespere
1210 3852 1253 3886 ruo
1270 3835 1358 3884 viuere.

246 3933 346 3988 Postea
356 3946 443 3989 autem
454 3940 566 3989 Decima
577 3940 666 3990 baberi
675 3944 772 4002 coepta.
805 3936 882 3985 Clare
892 3947 925 3980 ex
935 3925 1074 3978 Cornificio
1085 3923 1118 3973 ad
1132 3917 1304 3979 Herennium,
1315 3914 1358 3986 ubi

247 4017 372 4069 describit
384 4020 512 4071 hominem
524 4036 589 4070 vane
601 4020 740 4084 gloriosum
752 4019 770 4066 l.
783 4031 821 4066 tv.
838 4015 866 4063 Is
877 4012 910 4062 ad
922 4026 977 4072 eos,
987 4022 1052 4074 quos
1064 4009 1203 4054 vocaverat
1215 3999 1249 4049 ad
1259 4009 1359 4046 caeuam

246 4111 299 4150 nou
311 4100 337 4149 iu
348 4116 407 4149 suas
418 4102 503 4151 aedes:
519 4105 527 4130 ‘
539 4102 634 4151 Itane?
651 4115 749 4158 eamus,
760 4097 854 4162 iuquit,
864 4092 991 4157 hospites.
1008 4090 1102 4138 Frater
1110 4084 1180 4134 venit
1190 4096 1224 4130 ex
1235 4080 1346 4131 Salerno

248 4193 298 4245 ego
309 4182 461 4233 illiobviam
474 4199 563 4247 pergo,
580 4182 687 4232 rosbuc
707 4179 820 4230 Decima
838 4175 963 4225 venitote.
997 4161 1296 4232 Hospitesdiscedunt:
1314 4158 1358 4207 ille

246 4275 277 4318 80
294 4264 391 4328 raptim
408 4265 513 4315 domum
529 4278 603 4313 suam
614 4262 740 4324 conjicit:
757 4260 797 4308 illi
806 4256 916 4306 Decima
930 4266 982 4318 quo
988 4250 1112 4315 jusserat,
1123 4240 1247 4294 veniunt!
1279 4233 1316 4289 Et
1326 4237 1359 4286 sb

249 4358 282 4394 ea
291 4351 381 4397 mente
391 4331 529 4412 Philippus
539 4343 674 4396 Volteium
684 4340 806 4404 inritans,
816 4336 887 4403 apud
899 4335 992 4387 Horat.
1014 4329 1101 4381 ‘Post
1116 4318 1358 4377 nonam·tenles.'-'-
