3042 4950
556 396 597 449 rrr
621 394 698 459 err.
721 397 749 451 1.
769 394 992 457 susumus.
1235 380 1325 461 ilbi

216 543 267 595 terr
289 543 408 594 deereim
422 546 470 612 set,
483 546 511 593 sl
529 541 686 595 Protuissis
703 542 805 617 fissus
820 541 897 593 muta
913 539 1078 593 smum
1092 538 1325 605 manumissis

216 623 462 688 mereamim
480 623 558 695 millis
575 626 698 687 durentur,
711 628 836 688 postquem
850 624 940 686 uiginti
957 622 1107 672 militassent.
1139 623 1180 671 Ex
1198 637 1248 688 quo
1264 622 1324 675 loeo

214 714 328 770 pronum
346 706 407 773 milri
420 707 509 755 eluere
520 712 648 756 vetustum
660 706 777 755 Suetonii
793 706 930 765 maculem,
947 705 1003 755 Cel.
1021 719 1080 769 csp.
1090 707 1132 754 tt.
1149 705 1325 767 ‘Ceterorum

215 787 345 852 increpitu
367 787 523 851 cupiditate,
543 786 678 837 commode
701 789 819 837 emeritse
838 787 938 838 milities
961 787 994 847 ed
1016 795 1198 838 sexcentorum
1215 787 1324 861 millium

216 883 342 930 summum
355 869 466 919 recidit!
500 866 567 919 Haec
580 869 687 933 premis
701 868 770 918 enirn
787 868 862 918 baud·
876 869 955 919 dubie
974 869 1114 933 intellegit.
1147 867 1184 918 At
1195 867 1323 934 quomodo

217 956 321 1001 constet
331 951 449 1000 immanis
460 951 504 1000 ills
520 956 702 1000 sexcentorum
714 949 820 999 millium
831 963 946 1000 summe:
971 950 994 1000 si
1011 964 1045 999 ex
1061 950 1145 1008 Dione
1161 949 1322 1001 verissimum

216 1039 259 1082 est
268 1033 405 1098 τρισχιλίοις
415 1032 522 1098 δραχμὰς
534 1039 643 1097 tanturn,
654 1032 680 1082 id
692 1036 743 1095 est,
753 1033 870 1082 Romano
881 1046 961 1092 more,
972 1030 1092 1082 duoderm
1101 1031 1182 1081 millis
1192 1045 1323 1082 nummum

216 1114 348 1166 destinata
357 1117 390 1165 iis
399 1114 495 1166 inisse?
507 1114 628 1180 Caligula
636 1121 723 1166 autem
733 1115 767 1165 de
778 1129 810 1165 ee
818 1116 875 1180 ipss
885 1130 984 1165 summu
992 1114 1087 1181 aliquid
1099 1113 1200 1165 recidit.
1231 1111 1323 1164 Scribe

214 1197 305 1263 igitur,
315 1200 347 1248 od
358 1213 402 1248 see
410 1198 509 1249 suillium
519 1194 641 1249 summum.
681 1199 721 1248 Es
738 1198 808 1248 enirn
824 1197 938 1249 veritas:
964 1202 993 1247 et
1001 1197 1121 1261 Caligula
1130 1193 1264 1244 dimidium
1274 1195 1322 1247 im·

212 1278 338 1339 minuisse
349 1280 479 1346 putandus
492 1290 533 1331 est
545 1281 646 1345 proemii
657 1280 788 1331 militaris.
821 1280 940 1331 Pretium
960 1293 1049 1343 operte
1066 1284 1106 1328 est
1125 1291 1187 1327 seue
1197 1277 1253 1327 brec
1263 1278 1323 1343 locs

213 1360 284 1411 inter
301 1376 329 1412 se
350 1361 473 1426 conferri,
492 1370 519 1413 et
539 1376 589 1413 uou
610 1377 658 1428 per
674 1362 813 1426 caliginem
828 1364 899 1413 ultra
920 1362 980 1413 sciri
1000 1361 1128 1411 rationem
1147 1358 1251 1423 ¹militine
1273 1358 1321 1409 sub

215 1433 344 1507 Augusto}
377 1443 443 1495 Huc
456 1444 565 1508 pecunie
576 1444 626 1494 elio
636 1443 749 1506 nomine,
761 1444 904 1494 Emeritnm
913 1444 1001 1494 diets:
1024 1442 1084 1506 quis
1094 1441 1195 1492 scilicet
1207 1439 1321 1490 emeritis

215 1522 371 1577 debebatur.
404 1526 568 1576 Modestinus
580 1542 586 1575 ι
604 1526 612 1553 ‘
625 1526 676 1578 Qui
687 1524 788 1575 militia
799 1530 901 1590 tempus
913 1525 938 1573 in
948 1523 1096 1574 desertione
1107 1521 1235 1586 implevit,
1252 1510 1321 1571 erue·

214 1602 266 1666 rito
285 1606 421 1673 privatur?
461 1608 506 1670 Et,
523 1608 580 1658 ‘Ut
598 1614 736 1661 veteranus
752 1608 916 1671 restituetur,
932 1613 960 1658 et
977 1606 1085 1656 emerite
1103 1603 1233 1667 accipiet!
1265 1603 1323 1652 Me·

214 1687 317 1749 nender
327 1688 429 1749 Arrius,
445 1689 453 1717 ‘
466 1690 502 1740 Et
513 1689 619 1753 praemie
630 1695 658 1739 et
668 1689 806 1739 emeritum
817 1689 920 1753 capiet!
953 1688 1059 1738 Suetou.
1077 1688 1104 1736 in
1121 1685 1189 1750 Aug.
1207 1699 1266 1748 cap.
1279 1687 1321 1735 et.

215 1768 307 1821 ‘Alias
317 1771 433 1836 legionen
447 1771 601 1822 immodeste
618 1771 767 1821 missionem
784 1772 946 1837 postulantes
965 1772 1032 1820 citra
1049 1769 1182 1821 commoda
1199 1769 1322 1820 emerito·

210 1853 670 1916 ⁴rumpraemiorumerrauetorsritr'
698 1853 994 1916 ubimalo,emeritorum
1011 1857 1036 1902 et
1051 1853 1211 1917 premiorum.
1245 1853 1322 1903 Com·

214 1933 379 2000 modsjmta
390 1936 491 1988 milities
503 1936 572 1986 idem
584 1937 698 2001 scriptor
707 1938 776 1988 dixit
786 1938 885 1987 Vitellii
905 1951 963 2001 esp.
981 1940 1022 1985 15.
1038 1936 1046 1963 ‘
1059 1934 1191 1984 Dilectum
1210 1947 1243 1983 ea
1258 1947 1320 1983 son·

215 2014 313 2066 ditione
325 2017 351 2066 iu
362 2017 426 2068 urbe
438 2018 502 2083 egit,
512 2024 543 2068 ut
559 2019 712 2069 voluntariis
724 2033 775 2068 nou
787 2018 863 2068 modo
873 2017 1019 2069 missionem
1036 2023 1096 2090 pust
1113 2016 1258 2077 uictoriam,
1273 2016 1321 2067 sed

213 2097 293 2155 etism
305 2103 485 2159 veterinorum
500 2099 633 2165 justeque
644 2099 746 2150 militiae
758 2100 894 2151 commoda
912 2098 1100 2165 polliceretur?
1132 2098 1186 2149 Dio
1204 2097 1250 2148 lib.
1262 2110 1319 2149 nrv.

214 2179 338 2230 adserere
348 2178 460 2240 ridetur,
471 2194 527 2230 earn
537 2181 673 2245 pecuniam
685 2181 844 2232 adtributam
854 2182 992 2251 proagris,
1003 2181 1042 2230 bis
1052 2179 1156 2230 serbis:
1174 2178 1219 2228 Καὶ
1229 2176 1321 2240 limate

211 2259 358 2326 (Augustus
371 2260 486 2328 scilicet)
504 2259 536 2311 rei
545 2282 573 2321 rs
584 2262 627 2324 ἔτη
638 2263 683 2314 ὅσα
693 2265 716 2314 oi
729 2267 827 2316 τολῖτοι
837 2262 1032 2330 στρατεύσαιντο,
1052 2262 1092 2312 rrcl
1102 2263 1134 2312 sd
1143 2260 1264 2327 χρήματα,
1275 2260 1321 2312 ὅσα

212 2341 357 2406 τακόμενοι
373 2347 417 2404 τῆς
432 2343 566 2409 moestior,
577 2346 629 2397 tort
639 2349 683 2407 τῆς
694 2346 782 2411 χώρας,
798 2346 829 2406 ἣν
847 2345 884 2396 ἀεί
895 2364 954 2396 τοτε
971 2344 1052 2412 ᾔτουν,
1071 2342 1202 2407 uideturne
1227 2344 1319 2405 Assos,

210 2432 269 2494 qest
279 2428 341 2478 ciues
350 2426 378 2477 is
388 2426 518 2491 legionibus
528 2428 667 2493 militarent,
683 2429 811 2496 defininit5
837 2432 861 2479 et
877 2421 1067 2494 perusinorum
1081 2426 1153 2477 soluti
1162 2424 1259 2488 militis,
1274 2422 1319 2494 pre

211 2510 280 2573 egris
297 2510 473 2574 (presumpte
488 2510 618 2575 petebam)
635 2512 777 2576 arriperent.
810 2511 859 2561 Cui
876 2509 979 2575 ambigo
990 2524 1022 2560 su
1034 2508 1176 2572 adsentiar,
1191 2506 1252 2573 quia
1265 2519 1318 2560 nott

212 2591 295 2644 semel
306 2590 348 2641 irie
358 2590 385 2640 in
394 2591 484 2642 Tseito
496 2599 523 2643 et
534 2593 652 2657 pecnnim
662 2594 761 2644 mentio
773 2597 801 2644 et
812 2606 940 2657 agrorum.

738 2790 785 2860 Ji·

245 2921 318 2986 Gne..
330 2926 372 2973 so.
403 2922 540 2980 Describit
557 2924 684 2990 vegetius
703 2938 736 2975 11.
752 2927 793 2976 ltl.
809 2922 893 2976 ‘Erat
912 2922 993 2975 etiem
1010 2925 1155 2974 castrorum
1172 2915 1319 2971 Praefeetus

210 3002 278 3056 licet
287 3001 393 3055 inferior
404 3005 639 3071 dignissimorum
650 3015 794 3073 occupatus
804 3021 856 3058 uon
866 3004 1040 3057 mediocribus
1049 3006 1155 3056 caussis.
1188 3001 1231 3053 Ad
1240 3012 1318 3066 quern

211 3092 355 3137 castrorum
367 3087 472 3151 positio,
482 3088 544 3139 velli
555 3086 668 3140 etiossae
678 3088 819 3140 destinatio
830 3088 930 3153 [nescio
945 3102 979 3137 sn
994 3086 1140 3151 designatio]
1158 3086 1318 3151 pertinebat.

209 3166 391 3220 'tabernacula
409 3168 452 3219 'rel
470 3182 538 3221 cesse
557 3170 668 3222 militnm
680 3186 739 3221 cum
750 3168 941 3234 impedimentis
951 3168 1068 3236 omnibns
1078 3174 1143 3218 nutu
1154 3167 1235 3232 ipsius
1246 3165 1320 3216 cura·

211 3246 323 3302 bentor:
341 3256 473 3315 preterea
484 3252 548 3316 egri
559 3252 767 3315 contubernales,
777 3258 805 3301 et
815 3249 911 3301 medici
922 3265 938 3300 s
948 3249 1042 3316 quibus
1052 3232 1225 3323 cogebantur:
1249 3247 1319 3297 velri·

211 3332 278 3397 culs,
289 3332 420 3397 sngrnsrii,
433 3346 482 3384 nee
493 3347 544 3384 non
555 3332 711 3384 ierrsmsnta
722 3333 816 3398 quibus
828 3332 937 3383 muteris
945 3338 1050 3383 seestnr
1060 3332 1100 3382 vel
1112 3331 1238 3381 ceditur:
1255 3330 1320 3380 item

210 3413 284 3479 ligne
293 3415 336 3466 vel
347 3415 479 3480 euentus,
489 3415 594 3479 arietes,
611 3415 713 3480 siagri,
735 3415 858 3478 bellistae,
869 3421 1009 3480 ceteroque
1021 3428 1119 3483 genere
1130 3418 1319 3463 tormentorum

208 3495 518 3563 nrooursbataliqneudo
538 3511 571 3547 ne
590 3496 722 3549 deessent.
755 3498 783 3549 Is
802 3504 864 3562 post
879 3498 982 3563 longam
1000 3496 1188 3561 probatamque
1198 3491 1318 3544 militiam

210 3565 360 3643 legebatur,
368 3586 399 3629 nt
409 3585 482 3630 certe
493 3578 602 3646 [potius,
612 3580 687 3645 reete]
698 3580 807 3640 doceret
822 3581 897 3644 alios,
913 3580 982 3647 qnod
1001 3580 1057 3644 ipse
1076 3593 1134 3629 euru
1152 3577 1231 3628 laude
1241 3574 1321 3627 fecis·

207 3658 268 3712 set!
293 3660 369 3720 ,Quse
380 3661 461 3712 rerba
472 3663 506 3712 sd
517 3664 602 3728 lucens
613 3663 690 3727 hujus
698 3662 751 3713 loci
763 3663 905 3727 pertinent,
923 3669 951 3714 et
971 3661 1081 3725 plurium
1100 3657 1176 3721 infra,
1186 3658 1212 3707 iu
1224 3656 1318 3722 quibus

206 3739 245 3798 dt
256 3749 399 3804 cultorum
415 3743 556 3798 Praefecto.
590 3745 691 3812 Cuique
709 3751 797 3795 sutem
816 3745 911 3810 legioni
929 3758 989 3793 snus
1008 3748 1152 3793 castrorum
1170 3738 1318 3791 Praet‘ectus

208 3819 272 3885 intr,
281 3822 405 3886 sitamen
414 3825 537 3877 tenderet
548 3841 672 3878 seorsum.
693 3881 695 3884 ,
706 3827 806 3891 Collige
826 3842 859 3876 ex
878 3827 980 3889 Tacito,
1000 3826 1018 3874 l.
1030 3838 1089 3875 xiv.
1105 3824 1231 3875 ‘Poenius
1243 3824 1320 3875 Post·

210 3905 313 3970 burnus,
321 3905 471 3960 Prefectns
480 3915 624 3960 castrorum
634 3909 756 3960 secunde
768 3907 880 3974 legionis
891 3907 907 3959 :'
922 3914 952 3957 et
962 3907 1064 3958 Velleio
1076 3908 1093 3958 l.
1101 3920 1134 3958 rr.
1151 3909 1159 3935 ¹
1172 3906 1210 3957 At
1221 3921 1237 3956 e
1249 3906 1321 3958 Pre-

211 3985 288 4039 ieetis
299 3994 444 4040 esstrornrn
461 3990 570 4055 duobus,
580 4006 658 4057 quarn
669 3993 766 4043 clarum
778 3992 923 4056 exemplum
935 3992 966 4042 L.
977 3991 1085 4055 Eggius,
1102 3995 1156 4039 tam
1172 3996 1251 4053 turpe
1269 3989 1320 4038 Ce-

206 4070 298 4136 J'nnius
308 4071 442 4136 prodidit.'
474 4072 696 4138 suprimimus·
706 4074 818 4125 militum
829 4074 960 4126 collocare
977 4088 1022 4124 eos
1042 4074 1109 4123 visus
1120 4078 1208 4122 noster
1217 4070 1320 4122 Hister.

211 4153 325 4210 montedo
336 4153 363 4203 in
374 4169 470 4224 pompa
481 4154 640 4205 Vitellians:
665 4155 674 4183 ‘
686 4152 757 4206 Ante
769 4155 881 4221 aquilam
896 4153 1025 4206 Praefecti
1036 4161 1192 4217 castrorum,
1200 4151 1320 4202 Tribuni·

209 4250 277 4301 que.
289 4241 319 4288 et
337 4236 413 4307 primi
425 4235 612 4292 centurionum
623 4237 734 4288 candidu
744 4237 838 4288 reste!
870 4238 920 4289 Vir
935 4237 1065 4304 egregius,
1080 4237 1153 4301 cnjus
1169 4233 1319 4284 memoriam

208 4318 359 4386 morsele,
366 4319 395 4372 itt
403 4308 642 4392 semettribussuis
653 4320 753 4378 censuit
764 4321 833 4373 hunc
843 4321 963 4374 eumdem
973 4334 1031 4373 esse
1045 4333 1104 4373 cnm
1114 4313 1236 4368 Praeroru
1245 4315 1318 4367 Pras·
