3042 4950
509 344 943 405 tantumtanturn
988 397 992 401 .
1114 360 1120 367 ·
1192 339 1282 413 Q

172 495 239 549 dai
249 495 420 569 filosofi
430 500 501 562 olias
510 495 705 548 mamad
716 508 771 546 rata
783 496 924 562 merentia
937 494 1028 560 patris.
1061 497 1131 563 Nam
1143 496 1285 553 ,Germana

170 588 237 630 oum>
246 584 395 631 constnex
406 579 494 630 Dina
508 579 605 629 statb
614 578 718 629 aciada
726 578 1015 630 Varluaanatiuenter
1024 578 1052 628 ia
1064 578 1204 629 Germania
1212 594 1284 635 maa-

172 663 248 729 alatte,
263 661 303 712 ‘aul
324 663 393 712 liunt
413 676 494 727 usquo
513 662 692 713 Consulatum.
721 660 856 724 Suspicsri
877 666 966 716 summ
985 657 1155 724 probabiliter
1170 675 1284 727 possam,

168 748 292 807 amin,
308 758 367 809 uua
386 743 487 793 tussirla
503 748 532 793 et
550 743 636 793 aleina
653 743 752 807 partui,
770 743 888 799 relictam
908 741 942 791 ab
963 756 995 791 eo
1007 742 1034 792 in
1045 741 1184 792 Germania
1199 741 1285 795 donec

172 832 278 877 aaran
284 825 425 890 posuisset
458 824 730 875 Nmoircuradnciin
746 825 824 889 longo
844 818 1069 886 itinerefensinas,
1082 831 1111 872 ut
1123 823 1201 887 prisci
1211 824 1283 877 dico·

165 906 247 969 ,baasa
266 907 402 969 laniantes,
420 920 519 957 nouas
537 920 619 971 more,
634 920 689 956 non
705 919 739 956 ax
749 921 806 957 usu.
839 906 931 957 Potuit
941 920 1005 970 ergo
1016 905 1086 956 nasci
1100 906 1129 955 in
1141 906 1242 971 castris,
1253 911 1283 956 et

167 994 262 1039 »tamon
274 987 305 1038 in
326 987 470 1037 consolatu
487 987 581 1051 patria
608 987 664 1037 Sed
683 988 711 1037 in
729 986 805 1039 Actis
825 987 937 1052 reperio,
956 988 1005 1052 ais,
1025 994 1113 1038 uatum
1128 1002 1188 1038 eum
1198 987 1282 1038 Antii.

165 1070 242 1127 -Qotu
253 1071 276 1121 si
286 1085 381 1121 nomen
394 1071 441 1122 tibi
451 1072 570 1136 imponit,
579 1077 608 1123 et
619 1071 690 1123 Acta
705 1070 740 1121 da
761 1071 812 1120 alio
824 1071 943 1137 quopiam
954 1070 1026 1133 Caio,
1044 1069 1098 1121 filio
1107 1070 1205 1134 pariter
1215 1069 1283 1123 Ger·

171 1152 278 1214 manici,
287 1152 441 1204 senserunt?
463 1154 523 1204 Non
532 1153 599 1204 enirn
612 1154 740 1218 Caligula
750 1167 893 1216 cognomen
905 1151 1060 1203 discriminis
1070 1166 1170 1215 caussa,
1181 1150 1281 1215 opinor,

171 1233 269 1297 apponi
289 1235 377 1298 potnit
389 1233 481 1296 Actis3
503 1235 625 1301 qnoniam
645 1233 772 1299 professio
794 1235 861 1298 apud
873 1233 944 1284 Acta
962 1239 1024 1283 nato
1035 1233 1123 1283 statim
1135 1231 1282 1297 puerofieri

171 1315 265 1364 solita:
283 1329 428 1379 cognomen
440 1322 528 1366 autern
545 1316 610 1366 illud
621 1322 714 1380 postea
728 1315 758 1371 in
770 1315 864 1365 castris
874 1315 913 1365 illi
928 1313 1049 1378 daturas
1060 1300 1143 1365 veste.
1159 1314 1281 1381 Denique

171 1402 266 1446 contra
274 1396 375 1447 tabulas
386 1396 522 1462 Actorum,
541 1397 621 1447 Plinii
631 1397 726 1461 pagiua
736 1403 788 1461 est,
798 1404 826 1448 et
847 1398 888 1447 liic
907 1403 996 1448 noster
1006 1395 1170 1446 fidelissimus
1181 1409 1260 1445 senex
1273 1412 1280 1445 r
1374 1420 1379 1432 ·

166 1477 348 1543 ‘mibi'quidem
360 1481 435 1531 testis
445 1479 599 1531 &sanatis
615 1478 715 1532 aava.
747 1480 831 1531 Addis
850 1479 971 1544 amplius,
987 1495 1021 1531 ex
1032 1477 1144 1543 Augusti
1163 1477 1280 1543 epistolis

168 1558 272 1624 liquere
284 1559 408 1611 bimulusn
418 1561 524 1612 demum
534 1561 690 1627 perductum
703 1562 730 1612 in
744 1568 844 1613 castra:
861 1576 913 1611 non
924 1576 987 1625 ergo
1001 1561 1038 1612 ibi
1056 1567 1154 1611 natum.
1179 1557 1280 1609 *Batuis

171 1647 209 1705 tu,
221 1656 274 1692 non
287 1657 401 1707 pugnas:
420 1644 495 1708 rude,
513 1645 662 1709 non-gladio
678 1643 748 1696 feris.
781 1644 852 1699 Quid
862 1646 931 1695 enim
950 1644 1038 1694 obstat
1053 1641 1225 1707 Agrippinam
1235 1654 1282 1705 ps·

168 1723 270 1788 perisse
280 1724 308 1773 in
319 1724 470 1789 Germania,
482 1726 590 1778 rediisse
610 1727 638 1777 in
649 1727 740 1779 urbem
750 1728 838 1778 mariti
850 1729 890 1778 sui
907 1728 1071 1777 &marlotus
1088 1723 1185 1776 deinde
1195 1725 1279 1788 ipsam

168 1811 200 1855 at
214 1803 392 1856 infantemiu
412 1807 579 1858 Germaniam
597 1809 756 1859 revertisse?
790 1809 868 1862 Quod
886 1807 994 1857 Antium
1006 1805 1152 1871 praetulerit
1161 1793 1282 1855 omnibus

103 1957 107 1961 ι
161 1887 314 1939 senonibus
331 1889 424 1941 Caius:
433 1891 505 1955 x*quin
522 1896 552 1940 tu
569 1891 620 1942 boo
629 1920 630 1923 =
640 1886 803 1957 argumento,
814 1892 948 1942 Tiberium
957 1891 1065 1956 Capreis
1077 1890 1194 1955 genitum
1205 1890 1281 1952 dicis,

167 1968 263 2020 libore
291 1977 339 2035 aut
360 1972 469 2022 Lanuuii
489 1970 652 2036 Augustum?
685 1973 781 2038 Itaque
800 1973 925 2038 quidquid
946 1973 1083 2023 Suetonius
1101 1978 1279 2035 constratae

159 2051 271 2116 *quidem
279 2051 382 2117 judice,
393 2052 460 2104 Haec
469 2068 529 2118 pars
538 2052 631 2119 adbuc,
640 2059 670 2105 ut
680 2054 707 2104 in
717 2052 826 2104 formula
834 2055 971 2107 Senatorio
982 2062 1033 2118 est,
1044 2055 1128 2119 major
1136 2069 1193 2105 esse
1208 2053 1281 2105 vide·

168 2138 220 2183 tur.
239 2132 298 2195 Cui,
319 2138 415 2197 praeter
423 2135 572 2186 consulares
582 2133 650 2202 illos,
660 2135 828 2203 subscribunt
839 2138 938 2204 pedarii
948 2138 1098 2203 Senatores,
1108 2138 1169 2189 Sor.
1179 2135 1281 2188 Victor»

118 2285 120 2290 .
160 2212 488 2269 ,stamenaeusliaaaa
1180 2246 1182 2249 ’

705 2418 746 2475 Μ.

198 2547 268 2597 Car.
286 2550 329 2598 75.
346 2549 540 2603 Provincismm
553 2552 646 2606 divisio
657 2568 673 2604 a
685 2555 790 2605 casare
801 2552 918 2618 Augusto
930 2551 957 2601 in
965 2556 1041 2603 sexto
1052 2549 1195 2612 Consulatu
1205 2546 1278 2598 facta

165 2624 274 2693 ΜΗ·
306 2629 375 2681 Alloe
387 2636 483 2699 populo
500 2636 580 2700 datae,
592 2637 650 2687 aliae
671 2636 776 2687 Caesari.
810 2635 843 2684 In
853 2650 898 2685 eas
916 2649 974 2699 quse
986 2631 1085 2698 populi,
1096 2629 1201 2695 proprie
1212 2627 1278 2678 dicti

164 2709 339 2763 Proounsnles
349 2716 536 2770 mittebantur:
544 2756 545 2759 ,
553 2719 580 2768 in
590 2718 709 2782 casaris,
718 2717 813 2782 Legati
825 2723 870 2767 aut
882 2717 1074 2780 Proprietores:
1082 2749 1085 2754 ‚
1092 2712 1137 2777 qui
1145 2710 1277 2761 interdurn

164 2797 251 2843 tamen
263 2804 292 2844 et
304 2796 437 2849 Pratoros
445 2798 528 2863 dicti;
545 2808 590 2851 aut
597 2800 757 2865 conjunctim
769 2796 1058 2863 Legatipropraetores,
1069 2793 1136 2843 utin
1147 2790 1277 2856 lapidibus

161 2874 328 2940 plerumque.
361 2879 504 2931 Rectorurn
521 2886 549 2931 et
569 2881 714 2932 Prassidum
732 2895 828 2933 nornen
844 2880 967 2946 generals
988 2882 1047 2927 est:
1075 2875 1126 2932 etsi
1137 2873 1279 2930 Praesides,

160 2957 386 3025 *Praesidialesque
404 2962 561 3028 prouincias,
570 2964 605 3014 tle
621 2964 775 3015 cesarianis
786 2964 903 3029 reperies
914 2963 1002 3025 etiam,
1011 2958 1199 3025 significatione
1210 2961 1278 3007 arta.

165 3040 314 3092 Discrimen
325 3042 394 3093 inter
404 3044 578 3096 Proconsules
590 3047 757 3111 Legatosque
776 3046 894 3096 multum.
929 3044 1030 3106 Primo,
1041 3040 1110 3107 quod
1121 3040 1140 3091 ii
1150 3041 1177 3090 in
1189 3038 1279 3105 populi

166 3124 314 3187 provincias
325 3127 407 3189 missi,
418 3126 547 3194 quaesere
557 3128 683 3179 inermesr
706 3128 732 3177 lsi
743 3128 770 3177 in
782 3128 904 3191 casaris,
919 3140 976 3192 quae
987 3124 1069 3189 copiis
1080 3123 1224 3174 minnota.
1243 3133 1277 3171 ιι.

166 3206 236 3272 quod
246 3208 350 3258 illorum
364 3223 449 3260 annua
461 3216 562 3262 tantum
576 3209 782 3276 admiaiptratlo:
799 3207 882 3275 (unde
901 3208 928 3258 in
945 3207 1032 3259 Taciti
1050 3205 1097 3257 lib.
1108 3220 1152 3257 ιιι.
1168 3205 1277 3256 Flamen

165 3288 215 3352 uit,
231 3288 349 3354 ‘quanto
369 3290 471 3341 facilins
483 3307 512 3342 se
524 3291 674 3343 abfuturum
694 3292 729 3343 ad
745 3293 820 3343 unius
837 3291 899 3342 anui
917 3290 1102 3355 proconsulare
1111 3288 1247 3352 imperium
1257 3285 1276 3337 i’

165 3370 203 3420 Et
211 3370 319 3435 Apuleii
331 3373 429 3423 Florio.
441 3387 474 3423 ιι.
495 3375 504 3403 ‘
516 3374 586 3426 Quid
598 3374 670 3428 nobis
680 3390 739 3426 cnm
749 3375 807 3426 istis
818 3374 999 3439 proconsulum
1009 3371 1126 3421 vicibus?
1142 3369 1206 3435 quid
1216 3382 1276 3419 curn

166 3451 239 3502 tuuis
261 3451 384 3504 brevibus
405 3461 433 3506 et
451 3453 637 3506 festinantibus
655 3454 787 3506 mensibus
795 3453 827 3520 θ’)
845 3455 938 3507 horam
956 3453 1056 3516 longior
1074 3450 1276 3513 contractiorve,

164 3541 197 3584 ut
228 3534 326 3585 &sari
352 3537 444 3588 slsum.
482 3551 526 3589 ιιι.
543 3538 718 3602 Proconsnles
729 3545 811 3589 vsorte
830 3537 916 3588 missi:
942 3549 1024 3602 eoque
1048 3533 1188 3584 Suetonius
1205 3530 1275 3597 Aug.

165 3620 241 3668 cti.
258 3617 382 3668 *ceteras
403 3618 551 3684 provincias
568 3620 771 3676 Proconsulibus
790 3622 883 3671 sortito
902 3618 1022 3684 permisit
1031 3615 1048 3665 ι’
1065 3622 1093 3666 et
1103 3613 1217 3677 Tacitus,
1228 3612 1275 3663 lib.

164 3712 208 3748 ιιι.
225 3699 331 3765 ‘eoque
350 3701 429 3752 etiarn
445 3700 516 3751 Asiae
536 3708 606 3751 sorte
625 3703 810 3768 depellendam
827 3700 956 3752 incusavit
966 3698 982 3747 :'
995 3703 1035 3747 >at
1051 3695 1153 3760 Legati,
1165 3694 1276 3756 Caesaris
1299 3752 1303 3759 ,

163 3780 273 3846 ossan
284 3782 413 3847 ἄκληρντὶ,
431 3790 461 3834 ut
479 3784 518 3835 ait
536 3785 597 3836 Dio.
626 3786 726 3837 Statius
739 3786 784 3836 tib.
795 3800 814 3835 ι.
836 3785 901 3835 Sila.
919 3784 998 3832 ‘cnm
1008 3778 1072 3830 tanti
1084 3779 1154 3828 lectu
1166 3777 1274 3827 rectoris

162 3863 276 3914 habenas
286 3865 390 3917 Gallice
395 3865 499 3917 fortuna
510 3881 561 3916 non
569 3867 715 3920 admirante
726 3866 836 3918 subisti!
853 3879 894 3916 ιι.
902 3864 1073 3935 Proconsules
1080 3862 1168 3911 statim
1177 3859 1276 3925 egressi

163 3944 350 4010 nrbcinsigaia
367 3948 472 4012 imperil
488 3955 593 3999 sumunt
608 3949 651 4015 (rb
661 3951 791 4015 τῆιὸρχῆι
807 3946 918 4011 ἐπίσημα,
938 3948 976 3998 ait
993 3944 1058 4011 Dio)
1078 3951 1141 4010 puta
1157 3944 1273 4005 lictores,

162 4024 265 4088 saroam
280 4039 328 4077 nec
340 4027 484 4093 doponm
500 4028 550 4080 nisi
560 4029 669 4094 ingressi
685 4032 781 4084 iurum
791 4031 897 4082 urbem:
917 4039 946 4080 at
958 4030 1060 4093 Legati,
1070 4041 1122 4076 non
1133 4031 1273 4089 autequam

163 4108 326 4173 provisiolum
336 4109 484 4173 attigerint,
494 4116 523 4159 et
532 4110 560 4160 in
576 4110 633 4176 ipsa
642 4113 778 4177 provincia
788 4112 932 4178 deponunt.
957 4125 986 4161 v.
997 4108 1168 4161 Proconsules
1178 4113 1274 4172 pacato

161 4189 265 4255 babitu,
277 4197 307 4241 st
323 4181 411 4255 gladio
421 4206 473 4243 non
485 4192 597 4244 accincti
616 4193 723 4246 fuerunt
740 4194 788 4263 (ex
809 4195 930 4246 instituto
941 4192 1046 4258 quidem
1065 4188 1187 4253 Augusti,
1203 4187 1276 4255 quod

162 4274 947 4344 tameapusteamutarit)allegatiflbsorpcrmabmoalr,
957 4275 1044 4340 idest,
1053 4272 1278 4340 paludamentum,
