3042 4950
441 368 622 453 4634
1117 393 1512 448 ιιιιοιιιιευε
1569 388 2008 447 anri-nonunt

453 551 609 624 1678
650 548 1026 623 Helmstadii,
1056 555 1118 610 4.
1143 549 1487 624 Germania,
1509 569 1644 612 enm
1669 549 1829 612 notis
1848 549 1982 613 crit.
2009 557 2072 613 et
2087 549 2216 612 aliis
2235 568 2497 613 monum.
2522 563 2659 613 eura

525 652 728 713 Herm.
758 648 1081 729 Contingii.
1109 647 1309 710 Editio
1336 650 1531 710 tertia.
1819 682 1828 691 =

454 749 610 815 1683
653 749 892 830 Lipsiae,
919 755 977 810 8.
1020 746 1143 807 ’.Ο
1172 747 1297 809 Jul.
1322 747 1616 828 Agricolae
1644 747 1787 823 vita,
1817 683 2195 828 scriptor-ec.
2223 748 2405 808 Corn.
2421 685 2657 818 Tacito,

530 867 669 910 cum
714 849 869 910 notis
900 851 1057 927 Aug.
1109 845 1407 908 Buchneri
1445 846 1705 928 primum
1750 846 1931 909 editis
1979 865 2125 909 cura
2166 847 2286 908 Ge.
2324 844 2660 908 Sehubarti.

448 956 460 969 '
530 947 697 1029 Lips.
725 945 1004 1027 impensis
1034 945 1127 1004 Μ.
1157 945 1241 1005 G.
1271 943 1582 1006 Hubneri!

453 1054 612 1115 1714
652 1046 943 1125 Erlangae,
993 1053 1052 1108 8.
1098 1043 1441 1117 Germania,
1490 1063 1630 1106 cum
1672 1044 1828 1105 notis
1865 1043 2167 1125 perpetuis
2192 1046 2292 1107 Jo.
2321 1041 2660 1123 Christoph.

443 1161 457 1171 ·
481 1140 775 1204 Vetteri.

456 1250 615 1312 1720
655 1241 829 1304 1121ae
857 1242 1064 1322 Magd.
1098 1249 1194 1304 12.
1225 1240 1566 1316 Germania,
1593 1263 1651 1304 c.
1679 1263 1742 1305 n.
1771 1243 1979 1304 Germ.
2209 1277 2214 1283 ·

443 1325 618 1410 1725·
656 1340 1027 1402 Francofurti
1074 1341 1153 1402 ad
1199 1328 1401 1401 Viadr.
1448 1349 1507 1402 8.
1551 1341 1623 1403 Ο.
1654 1341 1835 1402 Corn.
1861 1328 2113 1401 Tacitus
2137 1337 2214 1402 de
2235 1340 2377 1414 situ,
2403 1337 2663 1399 moribus

447 1457 455 1464 ·
530 1439 852 1519 etpopulis
867 1439 1226 1514 Germaniae,
1245 1444 1365 1501 &m
1390 1460 1527 1501 cum
1547 1444 1766 1502 comm.
1797 1441 1956 1503 Just.
1976 1440 2320 1521 christoph.
2354 1435 2664 1499 Dithmari.

442 1554 458 1562 ’
494 1582 504 1593 -
530 1539 861 1601 Plenior-em
890 1541 1127 1601 titulum
1158 1539 1279 1601 vid.
1305 1540 1384 1601 ad
1412 1559 1510 1601 an.
1547 1548 1726 1613 1749.

451 1647 615 1707 1744
655 1639 828 1701 1121ae
856 1639 1067 1720 Magd.
1098 1650 1193 1704 12.
1222 1639 1565 1713 Germania,
1593 1659 1733 1701 cum
1761 1639 1917 1701 notis
1945 1641 2157 1702 Germ.
2281 1674 2289 1678 ·

458 1743 614 1805 1745
657 1736 988 1818 Gottingae,
1024 1746 1116 1801 12.
1146 1738 1219 1799 C.
1248 1737 1371 1800 Jnl.
1400 1736 1696 1819 Agricolas
1735 1737 1881 1800 vita.
1919 1739 1989 1798 In
2029 1741 2129 1802 Jo.
2165 1735 2390 1800 Matth.
2418 1733 2667 1798 Gesneri

537 1832 910 1897 Euchiridio.
2048 1877 2086 1900 -
2226 1867 2236 1876 ·

457 1940 615 2002 1747
657 1931 890 2012 Lipsiae,
920 1941 976 1994 8.
1005 1933 1078 1994 C.
1111 1933 1289 1994 Corn.
1335 1933 1532 1996 Taciti
1567 1932 1647 1995 de
1696 1933 1839 2009 situ,
1884 1951 2034 1997 mor.
2062 1944 2124 1997 et
2150 1953 2300 2016 pop.
2329 1931 2668 1995 Germania

353 2101 359 2105 .
532 2029 787 2092 libellus.
817 2051 877 2091 c.
897 2041 1025 2093 not.
1055 2033 1484 2113 Hauptmanni.

458 2137 616 2201 1749
656 2129 1035 2191 Francofurti
1056 2131 1134 2192 ad
1161 2132 1363 2193 Viadr.
1406 2143 1465 2196 8.
1502 2141 1525 2170 ‘
1553 2134 1628 2195 C.
1660 2134 1844 2196 Corn.
1867 2132 2118 2195 Tacitus
2143 2131 2222 2194 de
2247 2132 2382 2204 situ,
2409 2128 2669 2191 moribus

530 2238 595 2290 et
638 2250 787 2311 pop.
823 2232 1190 2305 Germaniae,
1214 2252 1353 2295 eum
1389 2243 1687 2315 perpetuo
1730 2242 1794 2294 et
1834 2234 2203 2314 pragmatico
2228 2229 2671 2302 commentario,

438 2338 460 2352 ⁶
533 2347 657 2408 quo
683 2329 1042 2410 populorum
1068 2332 1411 2393 Germania:
1454 2333 1722 2407 nomina,
1770 2332 1977 2405 situm,
2006 2352 2103 2392 ιω
2142 2339 2360 2411 gestas,
2387 2327 2670 2390 coitiones

529 2426 594 2487 in
619 2427 939 2492 societates
966 2449 1233 2511 magnas,
1261 2441 1444 2512 atque
1489 2453 1563 2495 ex
1611 2431 1936 2493 eorundem
1979 2430 2240 2492 moribus
2279 2426 2579 2489 variorum
2614 2425 2670 2488 in

447 2537 460 2544 “
533 2527 857 2588 Germania
882 2528 1267 2609 publicorum
1296 2549 1369 2591 ac
1397 2530 1771 2610 privatorum
1807 2529 2039 2609 jurium
2083 2538 2146 2588 et
2176 2523 2672 2588 consuetudinum

531 2624 818 2706 originem
843 2637 908 2688 et
933 2648 1312 2709 progressum
1349 2628 1636 2709 exposuit
1660 2628 1696 2689 J
1703 2637 1870 2690 ustus
1910 2625 2261 2706 christoph.
2306 2624 2673 2684 Ditlnma'rus.

534 2724 933 2787 Acceduntin
956 2725 1292 2807 adpendice
1307 2738 1471 2792 notae
1487 2725 2100 2808 Contingii‚1.ncarrii
2124 2734 2186 2786 et
2214 2720 2516 2795 Leibnitii,
2533 2728 2673 2782 c'um

445 2808 462 2849 ·’
535 2822 829 2902 excerptis
856 2842 931 2883 ex
962 2824 1045 2883 cl.
1067 2824 1201 2902 jae.
1226 2824 1519 2887 Gronovii
1548 2824 1813 2886 oratione
1832 2823 1913 2885 de
1938 2833 2206 2904 tempore
2231 2819 2677 2901 immigrationis

447 2942 455 2954 ·
533 2919 955 2981 Batavorum
937 2941 999 2980 m
1045 2921 1298 2983 insulam
1334 2942 1526 2985 suam.
1608 2921 1810 2985 Editio
1853 2924 2041 2984 altera
2079 2920 2260 3002 priori
2285 2918 2672 2981 emendatior.

535 3015 699 3077 Prcf.
726 3017 806 3078 ad
836 3018 1701 3102 Viadr.impens.Jo.Ch1-ist.
1731 3018 2014 3104 Kleybii!

459 3112 620 3184 1766
657 3114 809 3176 ibid.
856 3126 918 3179 8.
959 3117 1034 3178 C.
1065 3119 1264 3181 Corn.
1255 3120 1522 3181 Tacitus
1570 3120 1667 3181 de
1692 3121 1832 3194 situ,
1873 3119 2140 3182 moribus
2166 3126 2233 3179 et
2253 3115 2498 3197 populis
2527 3115 2678 3242 Ger·

535 3211 769 3285 mania,
796 3217 916 3274 διο.
956 3215 1159 3277 Editio
1183 3216 1479 3279 Ditlunari
1499 3237 1731 3279 recusa.

461 3318 615 3379 1771
661 3310 942 3386 Londini,
973 3323 1035 3376 8.
1076 3313 1381 3394 Agricola,
1411 3317 1544 3377 Lat.
1569 3325 1635 3377 et
1657 3314 1833 3396 Angl.
1862 3314 2182 3395 interprete
2202 3316 2302 3377 Jo.
2330 3311 2592 3373 Aikinio.

458 3415 620 3476 1777
658 3410 905 3485 Gothae,
933 3420 995 3473 8.
1036 3413 1341 3492 Agricola,
1371 3414 1507 3475 Lat.
1528 3422 1594 3476 et
1615 3416 1828 3476 Germ.
1946 3447 1962 3454 -

460 3511 621 3574 1783
663 3508 941 3583 Ber-oliui,
968 3522 1030 3575 8.
1072 3511 1418 3585 Germania,
1462 3532 1603 3573 cnm
1650 3512 1886 3574 selectis
1927 3510 2219 3572 variorum
2247 3508 2408 3569 notis
2432 3507 2675 3588 suisque

538 3602 727 3667 edidit
746 3608 888 3669 Car.
918 3611 1107 3673 Henr.
1130 3612 1446 3675 Joerdens.
1504 3637 1519 3649 ·
1744 3638 1756 3648 ·
1895 3643 1906 3649 -

462 3697 622 3766 1786
664 3704 1032 3789 Altenhnrgi,
1062 3717 1123 3770 8.
1165 3709 1240 3771 C.
1280 3710 1463 3771 Corn.
1508 3706 1766 3769 Tacitus
1791 3706 1870 3767 de
1895 3706 2033 3779 situ,
2059 3706 2413 3766 moribnset
2435 3673 2673 3783 populis

544 3798 1000 3874 Gfrman51ae‚ex
1025 3828 1149 3870 rec.
1177 3806 1416 3869 Ernesti
1455 3814 1525 3868 et
1561 3804 2287 3877 Gruteri,cnmve1·sione
2313 3802 2670 3865 Germanica

544 3906 780 3954 stanno
788 3914 856 3958 ιι.

467 4002 620 4058 ῚῙἮΒ
668 3994 900 4074 Lipsiae,
932 4010 991 4062 Β.
1032 4007 1055 4035 ⁸
1081 4003 1161 4063 C.
1211 4004 1397 4066 Corn.
1442 4000 1698 4063 Tacitus
1745 3998 1824 4061 de
1860 3998 2304 4073 sitm-moribus
2334 4007 2400 4060 et
2436 3996 2674 4079 populis

544 4090 904 4166 Germaniae,
944 4118 1021 4158 ex
1060 4119 1186 4160 rec.
1234 4112 1300 4162 et
1337 4121 1504 4162 cnm*
1530 4098 1767 4160 selectis
1803 4096 2311 4158 observationibus
2332 4098 2458 4157 linc
2485 4114 2675 4176 usqne

544 4190 848 4250 anecdotis
880 4194 1068 4255 Paulli
1095 4198 1253 4259 Dan.
1280 4196 1576 4279 Iougoffi,
1603 4216 1679 4257 ex
1703 4193 1825 4255 Ma.
1851 4193 2051 4254 editus
2076 4213 2112 4254 a
2138 4196 2238 4256 Jo.
2267 4194 2550 4273 Knppio:

463 4317 544 4330 -·
600 4286 872 4363 [ῦπῇἱηῑ.
956 4304 1016 4357 8.
1085 4303 1107 4332 ‘
1141 4294 1395 4358 Tacitus
1435 4297 1516 4361 (le
1568 4293 1847 4357 Moribus
1890 4296 2323 4357 Germanorum
2349 4302 2415 4353 et
2438 4294 2517 4354 de
2546 4292 2677 4351 Vita
