3042 4950
314 422 356 472 ru
382 418 646 470 arsuroruucrs
674 414 774 469 sarr.
797 416 1070 472 suavisonum
1158 392 1246 475 lili

182 568 225 638 In
251 568 342 636 Edit.
365 568 491 647 Taciti,
514 567 664 652 Trajecti
690 567 733 632 ad
757 566 1070 635 lineamina.
1097 569 1202 638 2vol.
1223 590 1247 638 a

139 673 210 749 viro
239 673 435 739 doctissimo
465 672 544 738 Jac.
568 671 742 738 Gronovio
774 671 919 756 incepta,
946 677 991 749 et,
1018 681 1121 739 morta
1146 658 1247 740 inter-¹

141 776 305 855 veniente,
327 776 398 841 lilio
412 773 487 859 ejus
512 773 637 839 Abrab.
653 774 828 840 Gronovio
843 775 1011 853 absoluta,
1033 776 1249 863 subjiciuntur

140 878 242 945 istim
266 879 438 958 lectiones,
469 898 513 944 ex
542 878 606 943 hoc
631 877 747 944 codice
770 877 870 944 Bodl.
894 876 1055 959 collectae,
1077 886 1112 946 et
1135 880 1249 948 forsan

139 982 268 1061 lectori,
299 984 330 1048 si
356 981 601 1067 comparaverit
624 1002 701 1067 quae
723 981 796 1066 jam
820 981 969 1046 diximus
989 981 1032 1047 de
1063 980 1130 1049 Ms·
1153 980 1247 1050 Mus.

143 1084 272 1151 Britan.
284 1105 361 1151 cum
374 1087 418 1151 iis
427 1104 505 1170 quae
520 1084 574 1149 bic
589 1083 657 1149 loci
670 1083 790 1148 damus
803 1084 845 1149 de
860 1085 933 1150 cod.
947 1085 1058 1166 Bodl,
1070 1088 1249 1171 transcrip-

141 1194 195 1252 tos
207 1208 284 1255 esse
298 1208 343 1253 ex
358 1188 474 1254 eodem
495 1184 668 1276 rpmrrirqr
692 1187 795 1253 videri
820 1190 946 1272 possit:
960 1190 1030 1255 'sed
1044 1197 1082 1256 ut
1101 1191 1251 1258 locorum

141 1290 300 1357 distantia
322 1291 483 1376 probibet,
506 1310 575 1377 quo
600 1292 707 1356 minus
735 1290 895 1356 lectiones
906 1294 1078 1378 utriusque
1103 1296 1189 1359 inter
1212 1310 1250 1361 se

140 1413 227 1460 nunc
253 1394 477 1474 conferamus,
502 1395 649 1480 quaestio
669 1395 903 1481 hujuscemodi
932 1396 1009 1460 aliis
1037 1395 1250 1482 relinquenda

144 1502 204 1563 est.

185 1598 298 1664 Multa
320 1601 459 1684 legimus
472 1599 564 1687 apud
586 1596 741 1666 Editores
755 1600 869 1667 Taciti
891 1602 933 1667 de
947 1601 1022 1669 cod.
1042 1600 1114 1667 Jes.
1139 1601 1251 1669 Oxou.

144 1702 313 1768 sednobis
321 1722 427 1788 nuper
438 1702 528 1788 apud
538 1702 747 1795 oxonienses
758 1705 1042 1788 peregrinantibus
1052 1724 1129 1768 eum
1139 1704 1253 1772 videre

143 1823 207 1868 nou
217 1804 332 1871 datum
342 1812 406 1885 est,
419 1809 544 1892 quippe
557 1807 1085 1874 rusticabaturBibliotheoarius:
1098 1810 1252 1874 absentes

144 1927 222 1973 vero
238 1909 433 1974 audivimus
456 1930 517 1994 per
544 1911 727 1975 amicitiam
745 1911 896 1996 ejusdem
912 1910 1175 1990 Bibliothecarii,
1190 1911 1253 1977 viri

146 2009 229 2075 Rev.
243 2011 283 2077 G.
297 2011 356 2075 W.
370 2012 546 2090 Blasfield,
557 2013 631 2077 cod.
646 2012 720 2078 Jes.
735 2017 769 2079 in
784 2016 856 2079 tuto
870 2014 1051 2096 mansisse;
1069 2020 1102 2078 et
1114 2012 1255 2079 eohuno

146 2132 457 2193 commemoramus,
478 2116 523 2180 ob
535 2115 701 2197 egregiam
716 2114 792 2180 cod.
809 2113 921 2182 Taciti
936 2117 1148 2199 paucitatem.
1182 2113 1254 2179 Hic

146 2216 264 2297 codex,
272 2223 314 2282 ut
327 2219 534 2303 accepimus,
549 2218 706 2284 undecim
719 2225 848 2284 tantum
860 2218 973 2284 Taciti
986 2219 1129 2283 continet
1139 2217 1254 2295 libros,

145 2319 311 2405 iucipiens
329 2323 373 2386 ab
387 2322 567 2389 undecimo
595 2321 680 2387 hbro
697 2321 892 2399 Annalium,
919 2327 953 2385 et
966 2321 1050 2386 serie
1065 2321 1256 2386 continuata

146 2443 297 2516 pergens,
320 2425 465 2510 quinque
484 2425 589 2491 libros
616 2424 794 2509 Historiae,
823 2429 860 2488 ut
883 2422 969 2489 alius
985 2421 1093 2488 codex
1109 2422 1181 2505 jam
1196 2420 1256 2487 de·

148 2529 306 2613 scriptus,
329 2530 550 2614 amplectitur.
595 2528 675 2593 Sine
691 2548 781 2592 anno
795 2528 925 2593 etloco.

191 2631 333 2698 Nullum
346 2635 447 2700 alium
462 2634 609 2700 Cornelii
630 2635 734 2698 nostri
756 2631 909 2697 codicem
931 2630 1023 2715 apud
1047 2630 1257 2697 Oxonienses

148 2735 343 2802 invenimus.
387 2736 436 2802 At
461 2738 495 2801 in
512 2734 689 2802 Bodleiano
711 2743 792 2801 sunt
817 2735 1078 2802 Observationes
1102 2733 1257 2799 Politicaa

149 2840 268 2922 partim
285 2861 330 2905 ex
349 2839 484 2917 Tacito,
498 2843 620 2926 partim
634 2860 678 2907 ex
693 2841 768 2906 aliis
783 2841 975 2906 auctoribus
989 2840 1032 2904 ab
1053 2837 1177 2902 Isaaco
1192 2834 1259 2901 (ia-

150 2944 304 3009 saubono
332 2944 482 3010 collectae
507 2951 542 3010 et
564 2965 667 3011 manu
694 2953 859 3012 exaratae.
904 2943 976 3011 Hic
1005 2943 1089 3008 liber
1114 2941 1261 3006 continet

134 3046 283 3113 circiter
309 3067 368 3131 pp.
392 3046 468 3112 abt).
495 3047 540 3113 ad
565 3068 634 3113 rem
653 3050 809 3115 bellicam
830 3049 1038 3134 pertinentes·
1077 3045 1152 3110 Fol.
1199 3042 1262 3108 Est

155 3150 255 3214 etiarn
269 3152 355 3214 inter
371 3145 610 3214 D’Oreittiunor
623 3152 707 3216 liber
722 3153 868 3236 scriptus
884 3152 1026 3216 chartac.
1046 3148 1178 3214 anobis
1188 3148 1203 3233 j

152 3260 297 3334 notatus,
326 3259 360 3318 et
388 3273 482 3339 saepe
505 3254 685 3334 notandus
714 3259 773 3340 qui
800 3257 836 3319 in
873 3255 1035 3340 plurimos
1062 3251 1260 3334 scriptorum

154 3349 348 3422 latinorum
366 3363 463 3423 notas
481 3364 515 3422 et
528 3358 641 3423 varias
663 3359 824 3423 lectiones
839 3358 993 3422 continet.
1037 3353 1205 3434 Quaedam
1219 3349 1262 3415 do

153 3454 275 3525 Tacito
297 3458 372 3546 (pp.
390 3457 471 3546 lu),
494 3461 729 3529 collationibus
751 3460 796 3526 ad
819 3460 897 3526 edit.
924 3458 1133 3525 Francofurt.
1161 3456 1259 3523 1607·

155 3560 267 3644 factis,
289 3565 496 3650 suppeditat.

639 3751 760 3818 'uoce

151 3885 229 3934 1703.
248 3900 276 3950 p.
288 3890 429 3938 aus-8⁰1.
464 3888 565 3940 Harum
584 3890 690 3955 Epistc·
728 3888 1134 3954 rereperisreillamanotatore
1151 3881 1263 3948 quodam

157 3958 237 4010 larum
248 3971 337 4014 nostra
348 3972 386 4014 est
397 3966 536 4029 posterior,
547 3966 581 4016 de
593 3968 689 4031 quasia
729 3968 756 4017 in
779 3967 885 4032 antiqua
902 3965 997 4030 pagina
1017 3979 1074 4015 cum
1095 3961 1152 4011 aliis
1172 3963 1264 4008 mim

160 4037 309 4092 Fabricius:
326 4043 424 4093 ‘Hanc
435 4045 579 4108 Epistulam
591 4046 688 4108 primus
730 4043 815 4107 dignis
834 4043 893 4093 binc
909 4042 968 4091 inde
980 4039 1123 4104 excerptis,
1140 4036 1265 4099 scriptum

160 4118 229 4178 quod
247 4120 326 4168 sciam
347 4123 464 4185 vulgavit
484 4123 647 4172 Florentium
664 4125 690 4172 in
732 4122 830 4172 circum
865 4137 889 4172 a.
918 4119 1000 4172 1480?
1051 4120 1146 4168 Noster
1182 4111 1265 4164 code!

162 4191 378 4261 Martyrologium
398 4200 524 4249 vetustius
547 4200 691 4250 Romanurn
732 4197 913 4264 (Bodleianus)
933 4199 1004 4247 circa
1016 4195 1084 4246 idem
1102 4186 1269 4257 tempussor·

163 4268 215 4319 rive
223 4272 454 4339 Hieronymiauurn
467 4279 543 4327 Lucre
556 4277 654 4328 editum
666 4293 694 4327 a.
732 4288 779 4324 sau
787 4271 968 4340 scriptutsuit.

163 4348 235 4399 16118.
259 4349 315 4403 rot.
335 4366 362 4417 p.
373 4356 431 4404 ua.
462 4354 585 4405 Testatur
605 4361 693 4406 autem
