3042 4950
228 371 317 440 stan
582 383 613 434 a.
637 384 749 435 nrusu
775 386 975 438 excussus

229 530 340 596 Ambigo
358 529 436 591 enim,
455 533 484 580 et
505 529 587 593 possit
607 529 726 593 rescribi,
749 531 866 581 inuitum
885 529 977 581 aliter
994 532 1078 600 posis,
1098 532 1163 596 sivo,
1185 530 1336 585 iudaeis

229 613 336 666 abbam
344 612 429 677 punis,
438 624 513 661 seusu
525 611 642 662 clariore.
675 611 771 676 Capita
790 612 855 676 legis
875 611 954 664 lulla
965 611 1072 663 maiust
1082 628 1141 664 eum
1149 613 1224 663 latius
1236 629 1244 664 a
1263 612 1335 662 idea-

230 710 281 762 que
292 695 386 760 passim
394 693 491 757 scripta
500 692 749 745 Juriscousultorum
760 693 874 754 laudata,
890 694 898 721 ‘
912 692 954 744 Ad
965 695 1048 758 legam
1056 693 1154 746 Julian
1162 700 1190 744 et
1198 694 1334 759 Papiam?

229 777 267 827 ita
278 776 392 841 inquam,
402 783 432 826 ut
443 775 537 840 Papia,
549 789 605 840 quae
617 775 716 840 plenior
727 773 906 840 acerbiorque,
916 774 1060 825 aboleverit
1068 782 1097 826 et
1107 776 1180 825 uelut
1190 775 1333 826 absorbue-

229 858 266 909 rit
281 858 367 910 Julius
387 858 468 921 leges.
500 857 591 909 Latum
609 857 665 906 dixi
683 871 730 921 per
741 857 882 907 Senatum:
900 864 929 907 et
950 870 1037 908 renum
1051 866 1109 908 est:
1127 871 1213 923 eoque
1222 857 1332 908 Paullus
1439 889 1444 897 -

228 939 297 991 libro
307 954 334 990 v.
346 938 473 1003 adingem
483 940 580 991 lulium
592 947 620 990 et
637 939 746 1004 Papiam
755 946 887 990 auctorem
897 941 1021 990 Senatum
1033 940 1164 990 nominat:
1182 940 1190 968 ‘
1202 938 1253 988 Sed
1265 937 1332 989 illud

231 1021 312 1087 quaeri
323 1019 428 1086 potest,'
439 1020 534 1086 inquit,
551 1021 600 1072 ‘au
619 1020 688 1071 idem
704 1020 860 1071 servandum
869 1021 904 1072 sit
912 1021 982 1086 quod
991 1021 1102 1071 Senatum
1110 1019 1219 1084 censuit,
1228 1017 1333 1068 etiamsi

229 1103 256 1153 in
268 1103 345 1153 aliam
357 1117 492 1167 personam
503 1104 650 1168 captionem
659 1102 804 1154 direxerit?
837 1103 933 1168 Capita
951 1103 1009 1168 ejas
1025 1102 1089 1166 legis
1105 1101 1190 1165 pluria
1204 1099 1331 1151 fuerunt:

229 1183 296 1234 adeo
322 1190 353 1233 ut
380 1196 468 1234 xxxv.
495 1183 583 1234 laudet
607 1183 669 1234 alibi
690 1184 847 1235 Marcianus.
879 1186 920 1235 lla
935 1192 965 1235 ut
982 1185 1107 1235 ‹listincte
1128 1195 1280 1248 proponam,
1297 1180 1332 1231 ab

228 1265 332 1316 bomine
343 1279 383 1315 me
394 1266 484 1330 exiget
493 1278 569 1317 neruo
580 1265 669 1316 bomo:
691 1264 799 1317 coulisse
811 1266 931 1333 quandam
942 1266 1095 1329 recensebo,
1104 1272 1133 1317 et
1143 1266 1181 1316 uti
1193 1264 1291 1315 dabuat
1303 1276 1333 1314 se

229 1345 400 1396 submauum.

262 1426 358 1479 carot
372 1428 416 1478 De
435 1428 576 1492 enuptioue
595 1434 669 1479 extra
687 1433 793 1492 gentem
807 1428 988 1495 ordinemque.
1021 1428 1069 1480 Uti
1084 1427 1202 1480 omuibus
1211 1427 1333 1491 ingenuis

227 1505 361 1558 libertinas
383 1524 476 1560 uxorea
498 1509 594 1560 ducere
611 1508 655 1574 jus
679 1515 757 1573 esset,
769 1509 910 1561 Senatoriis
920 1510 1051 1575 exceptis.
1085 1510 1220 1573 concepta
1231 1508 1334 1573 Capitis

228 1588 285 1654 ejus
303 1589 392 1654 verba,
414 1591 484 1657 apud
502 1590 622 1640 Paullum
640 1590 687 1640 lib.
707 1603 727 1640 t.
748 1589 858 1640 adhunc
873 1591 967 1656 legem.
1001 1590 1330 1655 LegeJuliaitusasetur,

227 1671 297 1724 ‘Qvi
313 1681 417 1724 senator
433 1681 482 1737 est,
505 1673 581 1737 qvivc
600 1671 667 1722 filivs
691 1684 853 1737 proneposve
872 1687 906 1723 ex
924 1672 980 1723 fllia
999 1680 1060 1723 nato
1078 1672 1150 1722 cvivs
1172 1685 1260 1721 eorum
1280 1678 1331 1734 est,
1406 1683 1415 1689 ·

228 1751 297 1804 erit:
313 1768 347 1804 nc
358 1755 414 1821 qvis
424 1769 512 1806 eorum
522 1769 641 1819 sponsam
656 1768 805 1818 uxoremve,
814 1755 899 1806 sciens
909 1755 969 1806 dolo
980 1755 1048 1805 malo
1058 1754 1152 1804 habeto
1164 1753 1330 1813 libertinam

228 1840 273 1884 avt
285 1850 342 1887 eam
353 1851 410 1901 qvae
421 1836 486 1900 ipsa,
499 1835 601 1885 cuiusve
613 1841 690 1898 pater
699 1842 905 1886 matcrveurtem
915 1835 1123 1899 litiumriserit,
1133 1833 1228 1884 iecerit
1239 1850 1246 1884 ι
1262 1847 1330 1883 uera

227 1916 354 1967 senatoris
364 1917 417 1967 iilia
427 1917 546 1982 neptisve
557 1930 590 1965 ex
601 1914 840 1982 filio‚pr0ueptiaae
851 1932 885 1968 ex
901 1924 998 1982 nepeta
1016 1916 1071 1967 lilio
1086 1923 1149 1967 aata
1166 1924 1237 1977 nata,
1250 1914 1330 1965 liber·

227 1997 292 2061 tino,
310 1998 368 2048 elva
390 1997 434 2064 qvi
451 1998 516 2062 ipae,
539 1998 643 2048 cvivsre
659 2004 735 2063 pater
750 2006 867 2050 materne
888 2005 972 2050 artem
993 1999 1119 2050 ludicram
1142 1997 1207 2048 facit
1228 1994 1332 2060 facerit,

180 2093 184 2100 ·
227 2093 321 2144 mursa
340 2089 453 2146 nuptura
474 2079 556 2130 aciens
575 2079 635 2128 dolo
656 2079 724 2130 malo
742 2086 817 2149 esto..
828 2094 894 2131 nevo
916 2081 973 2145 qvia
990 2095 1078 2130 eoram
1097 2080 1156 2129 dolo
1166 2079 1233 2128 malo
1245 2076 1333 2127 sciens

224 2174 344 2225 sponsam
361 2175 501 2212 uxoremve
519 2176 574 2210 earn
593 2161 708 2212 habeto.²
742 2163 777 2212 Et
788 2177 803 2211 e
814 2163 872 2227 lege
883 2163 986 2229 quidem
994 2162 1066 2215 lotia
1077 2170 1195 2212 recenset
1207 2159 1330 2210 Paullus:

226 2240 272 2291 sed
295 2242 398 2294 insitum
417 2244 443 2292 iu
460 2242 570 2308 Papiam
588 2241 668 2294 fuisse
684 2245 753 2294 clare
774 2244 853 2295 docet
870 2246 976 2295 Celsus:
1001 2245 1094 2309 ‘Lege
1115 2241 1215 2308 Papiu,'
1235 2240 1331 2306 inquit,

226 2322 354 2374 ‘cavetur
363 2324 481 2374 omnibus
493 2325 619 2390 ingenuis,
638 2333 736 2391 praeter
752 2327 891 2378 Senatores
906 2340 1046 2392 eorumque
1065 2326 1168 2388 liberos,
1182 2322 1331 2373 libertinam

226 2418 332 2455 uxorem
342 2404 441 2456 babere
451 2406 549 2457 licere!
581 2408 702 2456 Meminit
719 2414 747 2458 et
769 2408 820 2457 Dio
839 2408 928 2472 ejusce
946 2408 1040 2471 capitis
1054 2407 1100 2456 lib.
1120 2419 1175 2458 nav.
1193 2403 1288 2462 'Ennii
1304 2402 1332 2454 bi

225 2486 289 2537 πολὺ
303 2490 388 2538 πλοῖον
404 2488 435 2539 τὸ
445 2488 514 2554 lippus·
534 2490 577 2539 τοῦ
597 2488 681 2550 θήλεον
696 2491 740 2539 τοῦ
754 2490 863 2554 εὐγενοῦς
880 2488 919 2554 ἣν,
937 2488 1050 2554 διέτριψε
1067 2486 1108 2540 ml
1123 2486 1269 2552 ἐξελευθέρων
1278 2488 1331 2537 τοῖο

225 2566 341 2635 titianus,
357 2569 423 2630 πλὴν
446 2574 493 2621 τῶν
519 2572 688 2636 βουλοοόννον,
715 2571 825 2636 lineatam
841 2571 943 2634 ἔννομον
958 2572 1003 2631 τὴν
1017 2569 1165 2638 rmntios
1180 2570 1256 2646 uitreis
1272 2565 1332 2621 sint

225 2650 348 2702 ustrinae.
383 2654 434 2704 Ubi
449 2660 535 2704 tamen
560 2654 712 2719 interpretis
735 2655 830 2719 supina
857 2652 971 2719 nampio
989 2639 1133 2703 vertentis:
1159 2651 1196 2701 Ar
1220 2650 1330 2714 quonian

224 2737 321 2786 muli
330 2737 429 2800 patricii
437 2738 532 2799 generis
542 2753 662 2788 numanum
677 2738 836 2803 patriciarum
850 2736 997 2798 festinamas
1005 2736 1079 2785 naun
1088 2733 1220 2795 cainiani,
1232 2732 1332 2781 liberm

218 2816 282 2878 feeit
291 2823 319 2866 at
329 2818 371 2881 qai
388 2820 473 2868 oeilmt
493 2820 578 2883 (modo
589 2819 715 2870 Sumturus
726 2835 755 2869 ss
766 2819 860 2882 emeat)
872 2818 969 2868 tiberim
983 2819 1056 2867 ονίοον
1071 2816 1185 2882 (cautius
1196 2819 1224 2864 et
1233 2813 1331 2874 verim,

223 2896 363 2949 “battutas
381 2898 527 2963 ἔξολουθέρος
542 2901 611 2950 enim
627 2902 682 2951 Dio
702 2900 780 2966 dlxii,
797 2914 848 2950 non
871 2897 1037 2962 ἄνελνοθέρος.
1062 2895 1218 2961 Ἐξελεῦθοροι
1240 2902 1328 2947 autem

161 3007 164 3020 t
224 2979 248 3028 oi
262 2980 310 3029 raia
326 2979 512 3045 ἐλευθερουμένων
528 2981 581 3042 vioi,
593 2983 630 3033 ait
641 2982 801 3048 Hesychius)
817 2984 1011 3048 amnipotens,
1023 2995 1145 3045 ectsmqtte
1153 2978 1239 3028 libem
1248 2976 1329 3039 lew·

134 3108 138 3117 .
223 3074 273 3110 οων
283 3062 420 3122 suebant.
454 3064 502 3126 Eu,
514 3062 543 3113 rb
552 3063 655 3128 εὐγενὲς,
666 3064 811 3115 Patricium
823 3064 919 3130 ubique
932 3064 1027 3113 vertit:
1046 3069 1073 3112 at
1083 3063 1220 3125 ingenuum
1232 3058 1330 3109 debue-

225 3148 275 3205 rat,
285 3158 319 3192 ex
328 3143 353 3192 vi
366 3145 448 3208 verbi,
462 3147 588 3211 legisque.
619 3147 742 3197 Meminit
753 3148 848 3197 iterum
859 3147 912 3196 Dio
923 3146 970 3196 lib.
982 3159 1034 3198 av..
1045 3144 1071 3195 iu
1080 3156 1190 3208 persona
1199 3140 1311 3204 Augusti
1321 3155 1329 3190 t

224 3222 271 3273 isat
282 3224 429 3291 ἐξελευθέρου
440 3230 490 3278 τοῖς
500 3245 531 3290 γε
542 3226 584 3290 itu
594 3229 638 3277 rori
648 3231 802 3286 βουλευτικοῦ
812 3227 878 3279 οὖσιν
891 3228 991 3291 ἄγεσθαι
1005 3225 1167 3289 σονεχόρησο.
1189 3225 1224 3274 Et
1235 3222 1329 3272 rodem

223 3318 312 3355 errore
320 3306 356 3355 ibi
364 3308 501 3373 interpres,
509 3306 540 3357 rb
547 3308 708 3373 βουλευτικὸν,
716 3310 847 3362 Patricius
856 3311 950 3360 vertit:
962 3322 1020 3358 curu
1030 3308 1189 3371 Senatoriua,
1199 3318 1260 3354 vere
1272 3317 1329 3367 pus·

224 3392 274 3435 set.
307 3386 403 3437 Latum
423 3390 472 3439 boc
489 3396 573 3462 caput
594 3392 762 3441 matrimoniis
782 3389 1045 3457 frequentandisz'ut
1062 3388 1084 3436 si
1097 3401 1174 3452 quem
1185 3385 1329 3450 digniorem

223 3480 297 3517 umor
308 3476 353 3518 ant
364 3471 483 3520 voluntas
494 3473 616 3522 traxisset
628 3473 660 3522 ad
672 3475 757 3536 impar
771 3474 873 3538 jugum,
885 3473 943 3536 lege
950 3471 1140 3536 juugiliceret.
1173 3469 1241 3518 Nam
1251 3475 1329 3519 antea

222 3548 342 3599 sentum.
375 3549 469 3615 Neque
491 3552 669 3602 Decemvirali
688 3555 756 3618 lege,
776 3554 964 3618 patriciorum
988 3553 1100 3617 plebeia,
1116 3566 1202 3617 neque
1215 3550 1328 3614 ingenuo

222 3643 282 3679 uum
292 3630 413 3683 libertina
424 3633 548 3683 connubii
561 3634 614 3698 jus.
647 3634 726 3684 Prius
744 3634 868 3685 abolitum
886 3652 893 3684 z
913 3635 1082 3699 meminitque
1101 3634 1187 3683 Livius
1203 3634 1220 3684 l.
1241 3646 1280 3683 tv.
1299 3634 1327 3682 in

222 3711 339 3762 oratioue
350 3714 467 3763 Canuleii
478 3714 585 3764 Tribuni
596 3733 602 3765 :
623 3722 651 3765 et
662 3716 681 3767 l.
692 3729 720 3765 x.
733 3715 779 3766 ubi
790 3721 915 3766 matronae
927 3703 1047 3765 Patricius
1058 3715 1212 3778 virginiam,
1222 3714 1292 3779 quod
1311 3727 1328 3763 s

216 3791 342 3855 patribus
364 3795 518 3858 enupsisset,
534 3796 614 3848 sactis
636 3802 786 3847 arcuerunt.
818 3796 918 3845 Mansit
937 3796 1065 3859 posterius
1078 3810 1084 3844 ε
1097 3795 1130 3845 ad
1147 3792 1214 3845 banc
1233 3796 1327 3859 legem,

223 3870 284 3921 utne
302 3887 360 3937 quoe
373 3875 464 3924 Cicero
476 3874 590 3926 Antonio
600 3877 634 3926 de
646 3877 727 3927 Fadia
738 3876 846 3940 objecit,
860 3876 927 3925 Pbil.
938 3890 970 3925 rs.

253 3953 352 4005 Garun·
373 3955 515 4005 subnexum
534 3956 602 4008 t'orte
623 3959 720 4024 priori:
739 3960 771 4008 de
784 3957 912 4008 connubio
927 3965 1093 4023 patronorum
1102 3972 1161 4008 cum
1172 3956 1327 4010 libertabus.

222 4034 368 4086 Verborum
380 4046 482 4100 partem
493 4039 618 4103 Ulpianus
629 4042 758 4106 appendit
772 4041 840 4091 libro
855 4054 897 4090 ιιι.
914 4040 948 4090 ud
959 4041 1042 4104 legem
1053 4040 1148 4092 „iniiam
1158 4046 1186 4089 et
1197 4039 1306 4104 Papium
1318 4054 1326 4088 a

223 4114 251 4164 in
273 4128 305 4166 co
321 4116 392 4181 jure,
411 4107 696 4184 quoduicit,‘1urito
718 4130 836 4186 patrono,
854 4122 976 4171 libertam
995 4137 1053 4186 qvae
1070 4121 1096 4170 ei
1114 4128 1197 4184 uvptu
1212 4126 1265 4183 est,
1284 4118 1327 4169 alii

189 4279 192 4287 Ι
222 4195 321 4249 urbere
342 4212 501 4266 rannessa,
521 4199 901 4269 patrourmaccipimrs,’&c.
934 4204 970 4254 Et
987 4202 1057 4255 idem
1069 4203 1163 4253 iturum
1174 4201 1193 4253 1.
1204 4214 1251 4254 xa.
1284 4199 1327 4252 Dc
