3042 4950
497 409 538 459 ru
563 409 637 460 urs.
661 410 719 459 111.
743 408 963 463 auxanium.
1194 396 1281 464 4479

177 553 248 607 datis
258 554 517 620 prepollemt,quod
535 555 579 605 lex
594 553 725 619 jubebar)
757 557 814 606 Lex
828 558 1100 624 martiaqnamnac
1111 560 1204 625 Papia.
1235 563 1281 614 So.

176 637 298 689 cundum
331 637 379 687 Uti
400 636 576 701 proferantur
598 638 733 702 proletarii
754 639 781 687 in
803 645 873 690 sorte
893 641 1102 704 provinciarum:
1128 653 1155 692 et
1176 645 1280 696 easdem

177 717 278 769 diutins
289 719 434 769 obtineant.
467 719 545 770 Prius
557 719 699 770 membrum
714 721 830 770 eTacito
840 721 924 785 firmo,
936 722 1087 786 Annalxv.
1098 725 1106 752 ‘
1119 723 1281 776 Percrebue-

176 804 222 857 rat
233 813 266 849 ca
276 805 435 863 tempestate
447 800 613 864 pravissimus
624 816 690 863 mos,
707 816 767 851 cum
779 802 930 868 propinquis
942 805 1052 854 cornltiis
1071 813 1116 854 aut
1135 813 1206 855 sorte
1222 819 1281 870 pro·

177 879 334 942 vinciarum,
345 882 465 947 plerique
477 882 535 931 orbi
545 880 615 932 fictis
627 882 812 947 adoptionibus
823 883 997 935 adsciscerent
1008 885 1084 949 filios,
1101 895 1280 952 praeturasque

177 968 208 1011 et
228 963 374 1026 provincias
393 964 462 1014 inter
481 971 572 1027 potres
591 965 687 1026 sortiti,
699 965 788 1015 statim
809 966 960 1017 emitterent
976 982 1053 1017 mann
1065 982 1129 1031 quos
1141 968 1281 1032 adoptare·

177 1044 256 1095 rant!
288 1046 410 1095 Alterum
426 1061 442 1095 e
460 1046 543 1095 Dione
560 1059 621 1096 mu.
638 1045 805 1105 ‘Praesides'
823 1047 932 1110 ἰοοιιίι,ι
945 1062 1043 1098 annuos
1063 1054 1091 1097 et
1109 1055 1179 1098 sorte
1197 1050 1280 1100 lectos

177 1140 236 1176 etse
249 1127 347 1186 soluit,'
364 1127 428 1187 πλὴν
437 1128 491 1189 rimo
500 1116 681 1185 τολοτιιιδίιιςῆ
696 1124 775 1188 γέμον
786 1126 898 1190 'poeonia
908 1129 1022 1192 spontin:
1039 1128 1067 1178 id
1086 1130 1190 1192 est,rsisi
1205 1131 1228 1180 α’
1243 1131 1282 1180 oui

176 1208 339 1259 mummium
348 1209 644 1273 libmmoutuspts'nrum
662 1223 732 1259 cosso
749 1209 902 1273 priuilegium
920 1215 987 1260 esset.
1020 1212 1180 1275 Quamquam
1201 1211 1228 1260 id
1247 1212 1281 1262 nd

177 1295 279 1339 sortem
292 1297 393 1341 tantum
405 1290 497 1343 referri
507 1290 618 1342 fortasse
630 1306 676 1356 par
687 1298 739 1352 est,
759 1306 810 1341 non
821 1292 897 1342 etiam
909 1292 943 1341 ad
959 1293 1124 1342 mansionem.
1155 1294 1283 1346 Tertium.

177 1370 305 1423 Praeeunt
316 1374 499 1440 emineantque
511 1375 538 1424 in
550 1374 618 1424 omni
638 1374 799 1437 magistratu.
828 1373 945 1438 Colligns
965 1388 999 1423 ex
1009 1371 1108 1438 Agellii
1126 1375 1143 1423 l.
1155 1388 1186 1425 11.
1202 1390 1226 1425 c.
1241 1379 1282 1428 1⁵.

178 1454 269 1505 verbis
279 1470 339 1519 quse
350 1470 439 1520 supra.
473 1457 508 1507 Et
519 1456 553 1506 ab
565 1458 614 1507 buc
624 1457 804 1519 exemploest,
822 1455 890 1520 qnod
907 1457 951 1521 qui
973 1456 1059 1520 plores
1078 1456 1173 1506 liberos
1193 1457 1282 1522 babet,

177 1535 209 1586 in
220 1535 294 1586 curia
305 1538 346 1587 vel
358 1537 470 1601 collegio
481 1539 579 1603 primus
591 1539 748 1588 sententiam
760 1543 880 1602 rogatum
897 1538 925 1587 in
937 1538 996 1588 albo
1007 1543 1035 1587 et
1046 1551 1179 1602 processu,
1188 1540 1283 1589 ceteris

179 1615 335 1680 praefertur.
346 1621 364 1668 l.
378 1633 418 1669 ιιι.
452 1620 482 1670 C.
504 1621 544 1670 De
561 1620 649 1671 dccur.
683 1621 819 1673 Quartum.
853 1619 884 1668 ln
903 1620 1041 1669 bonoribus
1052 1619 1181 1682 petendis,
1197 1620 1284 1684 gratia

177 1697 211 1749 fit
223 1713 348 1769 annorum
360 1701 403 1765 qui
414 1702 509 1751 liberos
521 1702 634 1757 liabent:
652 1709 679 1752 et
691 1702 795 1767 quidem
808 1716 854 1766 pro
865 1716 972 1753 numero
983 1701 1129 1750 liberorum.
1163 1702 1284 1765 Exempli

179 1794 283 1844 caussa,
294 1781 408 1832 minores
418 1796 485 1833 xxv.
493 1784 566 1835 annis
578 1783 611 1833 ad
623 1784 732 1834 honores
743 1798 795 1833 non
805 1783 986 1846 admittuntur,
994 1783 1044 1832 nisi
1057 1782 1183 1832 beneficio
1194 1783 1283 1846 prolis.

180 1862 234 1916 Qui
254 1860 316 1926 ergo
327 1863 439 1929 quinque
449 1863 547 1914 babent
567 1865 769 1928 annovigesimo
786 1864 967 1928 admittuntur,
978 1863 1021 1929 qni
1038 1870 1101 1926 tres,
1122 1864 1284 1927 vigesimose·

179 1943 275 2006 cundo,
285 1950 314 1994 et
325 1945 361 1994 sic
373 1946 504 2009 deinceps.
520 1946 588 1996 Vide
607 1946 624 1998 l.
643 1960 675 1995 ιι.
692 1946 733 1994 De
744 1946 965 2010 minoribus,quae
989 1945 1022 1994 ad
1041 1946 1105 1995 lianc
1127 1945 1284 1996 sententiam

179 2027 261 2077 clara
294 2028 330 2077 Et
341 2027 421 2077 Plinii
432 2028 516 2077 locum
527 2028 619 2079 eodem
630 2028 805 2090 traho,l.v11.
817 2028 901 2090 Epist.
913 2033 1010 2091 praeter
1024 2041 1107 2076 meam
1118 2042 1206 2091 supra,
1222 2029 1284 2097 alio·

179 2121 290 2173 rumque
300 2116 428 2160 mentem:
448 2110 455 2137 ‘
467 2110 624 2162 Calestrium
633 2109 755 2159 Tironem
767 2106 963 2158 familiarissime
974 2107 1051 2171 diligo
1061 2125 1069 2169 ;
1088 2108 1163 2157 simul
1172 2116 1283 2173 quaesto·

179 2190 347 2240 mCaestttis
365 2189 468 2242 fuimus.
502 2191 550 2241 Ille
573 2205 614 2240 me
633 2191 662 2243 lu
670 2191 816 2241 Tribunatu
832 2190 969 2240 liberorum
986 2190 1046 2253 jure
1069 2192 1210 2254 praecessit,
1233 2205 1284 2255 ego

179 2270 290 2320 illumin
302 2270 424 2320 Praetura
438 2282 494 2321 sum
511 2278 676 2333 consecutus,
690 2285 749 2320 cum
761 2271 822 2321 milii
835 2271 923 2321 Caesar
939 2286 1034 2321 annum
1045 2273 1199 2323 remisisset:
1231 2271 1285 2321 Ubi

179 2351 256 2401 vides
267 2351 363 2402 dimitti
373 2353 452 2403 etiam
468 2368 548 2404 annos
567 2352 693 2404 beneficio
710 2354 823 2403 Caesaris
843 2354 936 2415 solere,
949 2353 1020 2417 quasi
1038 2353 1133 2403 liberos
1149 2354 1284 2404 haberent.

180 2435 332 2489 Quinotium.
362 2437 414 2489 Qui
425 2438 512 2503 plures
523 2436 619 2488 liberos
630 2435 719 2499 babet,
735 2436 753 2488 i.
767 2450 791 2487 e.
803 2436 829 2485 in
841 2435 904 2486 urbe
916 2441 978 2497 tres,
996 2435 1021 2483 in
1035 2433 1112 2485 ltalia
1123 2443 1241 2500 quatuor,
1257 2435 1285 2485 in

180 2517 321 2581 provinciis
333 2519 454 2585 quinque,
472 2534 570 2582 ecura,
582 2521 675 2580 tutela,
686 2519 832 2584 ceterisque
843 2518 990 2568 muneribus
1008 2517 1183 2580 personalibus
1195 2519 1284 2567 immu-

179 2598 288 2662 uisjest.
321 2601 378 2651 Lib.
389 2615 419 2652 ιι.
443 2602 484 2652 De
506 2601 714 2653 excusationibus
736 2602 755 2650 l.
772 2615 793 2651 1.
810 2602 840 2652 C.
873 2601 924 2651 Qui
943 2613 1013 2648 num.
1030 2598 1133 2647 liberor.
1166 2598 1284 2649 Sextum.

180 2678 370 2731 Damnatorum
381 2682 457 2733 liberi
469 2683 556 2746 plures
566 2697 649 2733 assem
663 2681 807 2746 accipiunt,
825 2696 840 2729 c
859 2680 1044 2731 constitutione
1056 2678 1184 2729 Hadriani
1202 2680 1219 2727 l.
1235 2694 1285 2730 uu.

182 2761 224 2811 Ile
237 2760 311 2811 bonis
323 2763 438 2815 domitat.
471 2765 507 2815 Et
517 2764 550 2814 ab
562 2780 592 2813 ea
603 2768 691 2814 mente
702 2763 752 2811 Dio
763 2762 876 2826 scripsit,
887 2761 1049 2811 Hadrianum
1066 2760 1180 2809 mitiores
1196 2775 1285 2824 parnas

183 2842 236 2892 reis
247 2844 375 2907 irrogasse
385 2846 480 2897 liberos
492 2846 665 2897 habentibus:
683 2845 751 2911 quod
765 2845 887 2909 anacius
898 2843 999 2894 notarit
1007 2843 1116 2907 pridem.
1149 2842 1185 2891 Et
1201 2843 1285 2906 plura,

182 2939 241 2990 quas
252 2923 331 2976 facile
339 2928 446 2992 colliges
455 2940 489 2976 eu
500 2926 531 2975 iis
543 2943 600 2992 quas
613 2927 699 2978 dicam
711 2926 744 2976 de
754 2927 869 2977 mulctis.
902 2928 943 2975 Ex
954 2925 992 2975 his
1004 2933 1089 2974 ortum
1102 2924 1207 2974 celebre
1221 2924 1286 2973 illud

182 3010 232 3062 Jus
252 3007 331 3057 trium
351 3006 492 3056 liberorum
502 3005 523 3072 (‘
536 3005 728 3058 Auctoritatem
747 3008 827 3057 trium
845 3006 1002 3070 liberorum,’
1013 3006 1189 3056 Tertullianus
1211 3005 1287 3068 dixit,

182 3098 276 3142 contra
296 3088 504 3154 Valentinianos)
516 3089 585 3153 quod
608 3089 676 3139 orbis
697 3105 745 3155 pro
768 3088 896 3140 beneficio
917 3089 1045 3151 Princeps
1061 3087 1151 3138 dabat.
1184 3087 1286 3136 Plinius

182 3173 203 3223 l.
213 3187 244 3224 ιι.
262 3173 347 3237 Epist.
363 3173 475 3235 ‘Nuper
487 3171 519 3221 ab
531 3171 628 3236 optimo
640 3171 766 3235 Principe
779 3171 858 3221 trium
877 3169 1016 3220 liberorum
1036 3169 1060 3217 ei
1076 3168 1119 3232 jus
1135 3167 1286 3232 impetravi:

183 3254 253 3320 quod
264 3268 417 3319 quamquam
430 3267 509 3318 parce
520 3258 547 3302 et
558 3267 616 3302 cum
626 3252 725 3302 dilectu
736 3253 822 3315 daret,
839 3251 901 3301 mibi
913 3258 1010 3312 tamen,
1027 3257 1157 3313 tamquam
1168 3249 1289 3312 eligeret,

183 3335 309 3387 indulsit!
343 3334 417 3385 ldem
429 3334 462 3383 ad
471 3335 612 3398 Trajauum
623 3334 641 3383 l.
653 3347 682 3383 x.
699 3334 707 3362 ‘
721 3335 875 3398 Exprimere
886 3333 990 3382 domine
1001 3332 1088 3382 verbis
1107 3345 1157 3380 nou
1175 3343 1288 3393 possum,

184 3424 310 3482 quantum
319 3417 380 3467 mibi
392 3417 513 3481 gaudium
522 3416 649 3480 attulerit,
659 3407 726 3480 quod
739 3430 781 3464 me
792 3416 897 3479 dignum
906 3415 1005 3478 putasti
1018 3414 1080 3477 jure
1098 3413 1175 3462 trium
1194 3410 1289 3459 libero·

183 3499 259 3549 rum!
291 3499 433 3560 Martialis,
449 3499 457 3526 ‘
471 3499 545 3548 Uxor
554 3512 612 3547 cnm
625 3497 674 3548 tibi
683 3497 717 3548 sit
727 3496 850 3560 formosa,
861 3497 965 3561 pudico,
976 3496 1074 3559 puella,
1087 3496 1146 3546 Quo
1157 3492 1206 3542 tibi
1217 3497 1289 3541 nato·

184 3596 242 3630 rum
251 3580 313 3645 jura
321 3580 429 3630 Fabulle
440 3581 536 3630 trium?
565 3579 642 3648 Qruod
654 3580 751 3643 petisa
770 3588 858 3629 nostro
877 3579 987 3642 supplex
1007 3577 1161 3638 dominoque
1178 3574 1290 3637 deoque,

184 3662 245 3713 Hoc
265 3661 338 3712 dabis
354 3661 411 3726 ipae
433 3662 497 3723 ribi;
512 3662 534 3711 si
556 3668 631 3727 potes
647 3661 781 3724 arrigere!
815 3661 890 3711 idem
912 3661 946 3709 dc
964 3675 1007 3708 se:
1027 3656 1162 3706 ‘Praemia
1183 3654 1288 3703 laudato

183 3743 278 3794 tribuit
288 3743 350 3792 mini
361 3744 450 3793 Caesar
461 3749 580 3808 uterque,
592 3743 773 3805 Natorumque
784 3741 858 3791 dedit
871 3741 933 3804 jura
951 3745 1059 3802 paterna
1076 3734 1172 3785 trium!
1206 3734 1289 3797 Origo

183 3825 241 3888 ejus
253 3825 337 3889 elego
346 3823 427 3886 Juliu,
435 3824 474 3873 uti
483 3823 568 3873 discas
580 3838 614 3873 ex
625 3823 718 3873 Dionis
727 3830 789 3885 apto
801 3821 834 3869 ad
844 3822 911 3870 banc
924 3835 977 3869 reru
988 3819 1055 3879 loeo,
1075 3818 1092 3868 l.
1110 3831 1153 3867 nv.
1169 3817 1197 3865 ‘ll
1217 3814 1242 3865 δὲ
1260 3814 1289 3874 δὴ

183 3902 460 3969 Λιουΐοέςτὰιμητὲροις
476 3903 520 3954 τὰς
534 3904 584 3967 τρὶς
600 3901 714 3955 τεκούσας
733 3898 863 3966 ἐσεγριίφιι.
896 3898 938 3950 Οἷς
957 3900 1005 3964 γὰρ
1026 3901 1055 3948 tu
1071 3899 1100 3948 rb
1116 3898 1232 3959 δαιμόνιον
1248 3895 1290 3945 εἴτ’

184 3983 226 4036 οὖν
233 3986 321 4049 ἀνδρῶν
331 3985 502 4047 stremonium
513 3985 551 4047 μὴ
560 3988 592 4048 tp
602 3984 743 4036 τοσαυτάκις
750 3986 876 4044 τεκνῶσαι,
890 3980 980 4031 τούτων
989 3981 1051 4030 τισὶν
1062 3984 1074 4030 d
1091 3979 1168 4041 νόμος,
1178 3977 1291 4043 πρότερον

183 4067 228 4131 μὶν
237 4066 275 4116 διὰ
284 4070 327 4126 τῆς
335 4068 433 4126 βουλῆς,
442 4068 482 4116 νῦν
493 4066 518 4117 dl
529 4068 566 4117 διὰ
574 4069 616 4116 τοῦ
622 4065 800 4131 obsorpdropor,
808 4065 840 4114 τὰ
847 4068 894 4113 τῶν
902 4062 1065 4127 γεγενηκότιον
1074 4059 1216 4120 δικαιώματα
1223 4056 1291 4120 χορί-

185 4150 263 4215 ζοτοι.
290 4146 366 4199 Ὥστε
378 4148 441 4211 σφὰς
451 4148 512 4209 μήτε
523 4150 573 4197 τοῖς
586 4150 630 4206 τῆς
647 4146 753 4196 ἀπαιδίας
771 4145 892 4208 ἐπιτιμίοις
910 4142 1041 4207 ἐνέχεσθαι,
1058 4142 1096 4191 rol
1114 4140 1146 4188 τὰ
1163 4142 1206 4198 τῆς
1219 4147 1292 4188 robo-

185 4229 279 4282 nutus
290 4228 362 4293 ἆθλα,
377 4230 442 4290 πλὴν
453 4229 540 4293 ὀλίγον
548 4230 627 4290 τινῶν,
643 4228 802 4291 reprobetur:
821 4227 848 4276 id
865 4235 922 4276 est:
939 4225 1011 4275 Liuio
1022 4226 1046 4273 irs
1057 4236 1178 4271 numerum
1189 4224 1292 4268 matrum

184 4329 239 4380 quo
249 4313 440 4379 terpeporisseut
450 4312 578 4377 uduriptu.
611 4309 702 4368 Quibus
720 4309 784 4361 onim
794 4325 835 4360 seu
851 4309 911 4360 ciris
930 4322 971 4358 seu
985 4304 1085 4368 seminis
1094 4301 1177 4365 saturn
1197 4299 1292 4365 aliquod
