3042 4950
492 414 533 465 ru
558 414 631 463 ura.
654 412 713 463 111.
738 412 955 464 auuauruu.
1210 394 1298 469 44oe

195 568 260 615 ente
272 560 426 628 Angustum,
437 560 540 611 fateor:
558 561 604 611 sed
615 574 663 611 nec
674 567 829 624 perpetuum
851 560 887 621 ld,
903 574 952 610 nee
971 566 1071 612 certum
1090 576 1191 616 mouns.
1223 568 1301 621 Fecit

193 650 332 711 utrumque
346 645 489 708 Augustus.
527 645 604 697 Quod
626 644 658 692 ad
680 656 717 693 ιν.
739 644 824 692 virosa
849 644 915 692 scito
934 642 1073 694 discretum
1092 660 1108 695 a
1130 647 1300 701 Curatoribos

196 738 287 776 earum
299 738 399 776 munna.
433 726 613 777 Quattuerviri
623 726 676 774 viss
687 725 756 773 urbis
769 724 913 774 curabant:
929 726 1079 789 Curatores,
1091 743 1133 777 eas
1151 745 1209 794 quae
1225 738 1301 783 extra

198 809 300 857 urbem.
333 808 430 858 Docuit
439 824 480 857 me
492 810 539 856 lroc
550 809 601 857 Dio
618 810 634 857 l.
647 822 699 856 arv.
719 806 750 856 de
768 807 868 869 Viginti
888 805 967 856 viris:
985 808 1028 858 ubi
1050 810 1119 859 clare
1140 814 1299 878 scriptume

196 890 294 939 lieviris
317 890 424 949 viarum,
437 897 534 939 amotos
547 889 579 938 ab
591 889 710 952 Augusto
732 888 796 936 dnos
814 888 861 951 qni
882 889 935 937 vias
957 890 1084 939 curabant
1104 899 1181 942 extra
1201 903 1305 959 murnai

196 971 252 1022 robe
263 972 327 1038 (ait)
344 971 386 1035 ἔξω
395 973 440 1021 τοῦ
448 971 544 1034 τείχους
554 970 620 1020 ὁδοὺς
631 968 848 1035 ἔγχειριζομένουιι
863 976 980 1020 retentos
991 978 1121 1036 quattuor,
1132 975 1177 1039 qni
1189 977 1215 1025 in
1227 978 1301 1031 urbe.

197 1056 268 1118 Ergo
290 1055 336 1104 sub
358 1054 477 1118 Augusto
501 1060 528 1104 et
538 1055 681 1104 Curatores
694 1055 792 1102 viarum
810 1061 838 1102 et
858 1054 1048 1116 Quattuorviri,
1069 1070 1176 1122 quorum
1194 1066 1302 1111 munera

196 1137 260 1187 locis
283 1138 479 1203 regionibusque
500 1136 631 1188 distincta.
666 1139 699 1186 Et
718 1136 848 1200 digniores
869 1148 931 1184 saue
951 1136 1106 1187 Curatores:
1125 1140 1184 1205 quia
1204 1141 1229 1189 lu
1248 1143 1302 1192 vias

196 1219 253 1268 illas
265 1219 375 1283 grandes
387 1226 459 1270 extra
470 1219 569 1285 urbem,
580 1226 700 1284 sumptus
712 1228 739 1269 et
751 1219 831 1268 moles
850 1217 940 1281 major.
976 1219 1039 1268 ideo
1051 1220 1148 1270 Plinius
1159 1224 1303 1285 gratulatur

199 1300 316 1350 Cornuto
329 1303 361 1350 de
379 1317 411 1350 eo
421 1316 536 1364 munere,
550 1303 567 1352 l.
579 1317 604 1352 v.
617 1301 700 1365 Epist.
716 1301 901 1349 ‘Recesseram
921 1298 946 1347 lu
966 1300 1145 1365 municipium,
1163 1316 1220 1351 cum
1242 1304 1304 1354 mihi

197 1382 349 1433 nunciatum
368 1390 408 1433 est
422 1385 563 1433 Cornutum
575 1384 717 1432 Tertullum
740 1383 870 1446 accepisse
884 1382 993 1431 AEmilire
1010 1383 1058 1432 viae
1079 1399 1177 1433 curam.
1211 1385 1304 1451 Expri-

197 1476 271 1514 mere
282 1478 334 1515 non
346 1480 449 1529 possum
459 1475 555 1531 quanto
565 1467 610 1515 sim
623 1465 717 1528 gaudio
729 1463 849 1513 adfectus
861 1471 888 1513 et
899 1465 980 1527 ipsius
997 1470 1025 1513 et
1041 1479 1098 1514 meo
1114 1466 1236 1516 nomine!
1268 1470 1305 1518 Et

196 1545 299 1596 Statius
317 1548 432 1597 Plotium
453 1548 598 1610 dilaudans,
621 1544 823 1596 rv.Silv.‘'1'e
845 1545 1017 1594 Germanicus
1037 1545 1163 1595 arbitrum
1184 1549 1305 1612 sequenti

197 1629 318 1679 Annonae
330 1629 411 1691 dedit,
423 1632 586 1693 omniumque
598 1629 651 1677 late
664 1625 788 1677 Prnfecit
804 1627 958 1676 stationibus
968 1626 1083 1677 viarum!
1116 1629 1151 1677 Et
1169 1630 1195 1678 in
1215 1631 1306 1694 lapidi·

199 1709 250 1759 bus
263 1712 355 1774 passim
367 1712 435 1760 inter
447 1712 508 1761 alios
518 1714 629 1759 bonores
641 1710 798 1772 insculptum
809 1722 957 1758 cvunronr.
968 1723 1087 1760 vuuvrr.
1103 1717 1147 1759 aut
1160 1713 1306 1777 plurimum,

198 1804 351 1842 cvnnroar.
369 1806 433 1842 vim.
450 1805 550 1842 aerim.
568 1790 901 1851 Salariae,l²lamiuiae„&c.
918 1791 1061 1840 nominibus
1080 1796 1228 1856 expressis:
1246 1796 1308 1859 quia

199 1873 257 1924 fere
270 1875 409 1924 Curatores
419 1874 547 1923 dabantur
559 1860 703 1935 certisviis,
712 1873 755 1921 nni
767 1873 924 1937 pluribusve.
949 1874 984 1921 Et
995 1874 1041 1921 hos
1051 1875 1155 1937 quidem
1167 1875 1307 1925 Curatores

200 1954 282 2005 fuisse
294 1955 554 2020 censeam,aquibus
573 1956 701 2017 mancipes
723 1953 896 2016 redimebant,
913 1960 941 2002 et
961 1969 1069 2018 quorum
1091 1955 1249 2019 negligentia
1265 1957 1307 2007 hic

201 2038 316 2102 culpata.

195 2160 217 2191 ο
235 2119 302 2168 Car.
318 2122 359 2167 36.
377 2117 524 2181 Euripiden,
533 2118 639 2178 -”E)<er
650 2117 698 2180 γὰρ
708 2117 850 2194 καταφυγὴν
858 2118 900 2181 θὴρ
910 2116 955 2179 μὲν
964 2117 1061 2182 πέτραν,
1071 2119 1159 2167 Δοῦλοι
1170 2117 1195 2167 δὲ
1213 2119 1306 2181 βωμοὺς

201 2201 268 2249 θοῶν.
285 2199 407 2249 Servulns
417 2198 486 2263 apud
499 2200 636 2247 Plautum:
656 2200 663 2226 ‘
677 2200 733 2263 Ego
745 2199 850 2249 interim
861 2200 1167 2263 bancaramoccupabo.’
1189 2200 1309 2252 'l'ibullus

200 2278 332 2332 alludens:
348 2282 402 2330 llit
413 2280 523 2330 Veneris
535 2285 632 2329 sanetae
642 2280 774 2330 considam
786 2281 871 2331 victus
883 2281 915 2330 ad
925 2280 1015 2332 aram?
1031 2283 1065 2332 Et
1077 2281 1153 2344 bene,
1162 2283 1291 2333 considam
1302 2300 1310 2346 3

201 2362 262 2428 quia
274 2363 430 2426 supplicum,
442 2364 540 2413 sedare.
575 2364 632 2413 Neo
644 2363 693 2413 diis
704 2364 780 2413 modo
792 2363 815 2412 is
826 2364 915 2428 honos,
928 2364 1063 2414 sedetiam
1075 2363 1196 2413 heroibus
1207 2366 1311 2430 quibus-

202 2440 271 2508 dam,
287 2451 317 2494 tit
327 2445 435 2495 'Theseo
447 2445 564 2496 Athenis.
583 2446 756 2506 Plutarchum
775 2449 857 2495 litfrid
867 2445 910 2507 piu
921 2447 947 2495 ἐν
954 2443 1015 2512 μέσῃ
1022 2448 1053 2511 τῇ
1069 2443 1146 2510 πόλει,
1162 2446 1225 2511 παρὰ
1234 2447 1263 2495 τὸ
1271 2449 1312 2497 νῦν

190 2524 340 2590 ‘warcinium
350 2524 436 2576 ἔστιδὲ
447 2525 528 2589 φύξιον
544 2524 644 2577 οἰκέταις
655 2525 694 2576 καὶ
705 2530 763 2595 qfiut
774 2530 824 2577 τοῖς
834 2527 1006 2593 ταπεινοτέροις
1017 2529 1055 2577 καὶ
1073 2528 1158 2577 δεδιόσι
1169 2529 1311 2593 κρείττονας.

201 2607 324 2673 Itemque
346 2609 474 2672 Regibus:
500 2612 538 2659 uti
558 2611 670 2660 Decium
689 2611 803 2672 Magium
824 2612 940 2674 Cyrenas
960 2617 1117 2674 tempestate
1137 2611 1260 2673 delatum,
1278 2611 1312 2662 ad

201 2693 315 2741 statuam
335 2691 469 2740 Ptolemaei
491 2693 559 2756 regis
577 2691 722 2754 confugisse
742 2693 829 2740 Livius
850 2693 931 2741 tradit
946 2691 991 2740 lib.
1009 2705 1092 2741 1111111.
1133 2692 1220 2740 Rornae
1243 2693 1313 2742 baud

202 2772 241 2822 ita
252 2769 374 2840 frequens
394 2773 437 2823 ille
457 2787 526 2824 mos:
552 2785 601 2822 uec
622 2775 703 2822 libera
724 2789 780 2837 rep.
803 2774 941 2837 quidquam
962 2773 1072 2836 reperio,
1092 2779 1190 2835 praeter
1210 2774 1315 2823 Romuli

203 2855 313 2920 asylum.
329 2855 436 2905 Initium
444 2856 468 2905 ei
477 2854 526 2904 fnit
536 2855 654 2919 atemplo
662 2854 679 2905 J
683 2855 728 2905 ulii
737 2855 857 2918 Caesaris,
864 2854 933 2919 qnod
943 2854 1082 2902 Triumviri
1088 2860 1315 2918 exstruxere,eum
1402 2887 1407 2898 ·

201 2937 252 2987 boc
259 2935 331 3000 jure,
341 2944 371 2987 ut
383 2935 529 3002 perfugium
540 2938 565 2985 ln
578 2952 609 2986 eo
621 2938 722 2987 cunctis
734 2944 812 2987 esset.
829 2937 883 2987 Dio
894 2936 941 2986 lib.
955 2934 1314 2999 111111Ἂπηόρευοαν11μη-

204 3015 259 3068 bina
276 3019 301 3068 fs
319 3016 348 3066 rb
357 3017 430 3083 ἡρῶον
441 3009 514 3067 οὗτοι)
521 3016 691 3082 καταφυγόντα
703 3018 738 3068 ἐπ’
749 3017 824 3082 ἀδείᾳ,
835 3017 896 3079 pirre
907 3019 1109 3083 ἀνδρηλατεῖοθοιι,
1120 3017 1181 3079 pirre
1190 3020 1317 3082 συλᾶσθαι,

203 3095 261 3163 ὅπερ
269 3098 457 3150 οὖδινὶοῦδὲτῶν
469 3104 535 3164 θεῶν,
546 3100 609 3159 πλὴν
619 3103 667 3150 τῶν
676 3099 713 3149 ἐπὶ
722 3102 766 3148 τοῦ
771 3098 890 3160 Ῥωμύλου
897 3098 1037 3162 γενομένων,
1048 3098 1203 3149 ἐδεδόιιεσσντ
1220 3100 1247 3148 id
1259 3105 1317 3151 est:

203 3179 311 3230 Edixere
319 3181 391 3230 etium
400 3181 539 3242 fridurici,
547 3197 575 3230 ac
583 3182 960 3245 quis,quiimpuuitatiscausnia
968 3183 1117 3244 templumD.
1125 3180 1318 3244 Juliicoafugis-

203 3266 248 3324 ret,
258 3264 313 3311 iude
323 3262 378 3323 ejici
388 3265 424 3312 nel
433 3263 511 3326 abripi
514 3268 607 3326 porat:
619 3265 679 3326 quod
686 3268 739 3312 uate
747 3278 777 3311 ιιι
784 3264 836 3312 Deo
844 3264 936 3326 quidem
947 3265 1055 3325 cuiquam
1063 3277 1203 3325 emessam,
1212 3263 1318 3327 exceptis

203 3341 235 3391 iis
244 3358 297 3407 quc
308 3346 340 3393 nd
351 3344 447 3394 Ηοοιοὶί
457 3347 548 3409 urybm
556 3346 686 3409 pectinem.
715 3346 780 3397 Qnae
794 3351 925 3408 postrema
935 3344 1030 3394 Dionis
1042 3349 1118 3393 caute
1130 3344 1198 3407 lege.
1217 3345 1318 3393 Vereor

204 3424 273 3474 enim
292 3430 323 3476 nt
340 3432 420 3495 erret.
461 3427 530 3475 Nam
554 3433 651 3491 praeter
671 3428 773 3476 Romuli
789 3427 897 3491 asylum,
918 3427 998 3476 etiam
1021 3426 1115 3475 Dianae
1136 3426 1162 3474 in
1182 3424 1316 3475 Aventino

204 3511 293 3556 moute
305 3508 432 3571 templum
447 3507 515 3556 idem
523 3507 567 3571 jus
579 3507 684 3560 babuit:
703 3510 771 3574 quod
785 3511 854 3559 clare
867 3515 942 3559 notat
952 3509 1090 3571 Dionysius
1102 3507 1265 3557 Halieumas.
1278 3520 1318 3557 tv.

204 3583 295 3652 Annq.
328 3588 381 3637 Sed
402 3588 449 3638 sub
470 3588 553 3652 lrupp.
574 3595 659 3639 tamen
678 3592 788 3641 maxime
810 3591 938 3641 invaluit:
964 3605 1014 3641 nec
1036 3590 1135 3652 templa
1159 3589 1249 3649 solum,
1272 3583 1319 3635 sed

203 3673 299 3719 statuae
314 3684 403 3719 eornm
420 3669 596 3735 imaginesque
613 3671 707 3733 passim
727 3669 875 3736 perfugium
894 3672 983 3721 servis.
1018 3671 1117 3718 Seneca
1135 3668 1168 3716 de
1180 3667 1320 3717 clementia

203 3747 249 3799 lib.
262 3759 281 3800 1.
298 3751 407 3799 ‘Servis
426 3750 459 3799 ad
477 3757 587 3801 statuam
608 3752 672 3801 licet
688 3751 845 3817 confugere:
873 3767 932 3803 curn
947 3753 974 3801 in
986 3764 1088 3800 servum
1109 3750 1194 3798 omnia
1213 3749 1320 3811 liceant,

205 3835 247 3879 est
259 3832 358 3900 aliquid
371 3832 441 3897 quod
453 3832 620 3881 inhominem
632 3834 712 3883 licere
723 3849 859 3884 commune
867 3834 913 3898 jus
924 3831 1093 3882 animantium
1104 3830 1197 3881 vetat.'
1231 3830 1320 3895 Ulpia·

206 3925 252 3961 nns
274 3912 301 3960 in
318 3913 461 3963 Pithoeanis
473 3914 652 3977 Fragmeatis:
680 3914 818 3979 ‘ideoque
835 3929 962 3977 cognosce
982 3914 1014 3962 de
1027 3914 1140 3977 querelis
1159 3913 1262 3961 illorum
1275 3910 1321 3975 qui

206 4008 241 4043 ex
252 3994 350 4045 familia
365 3996 431 4047 ‚lulli
448 3994 538 4043 Sabini
556 3994 589 4043 ad
602 4001 713 4045 statuam
734 3995 918 4060 confugerunt,
936 4002 963 4045 ct
974 3996 1029 4046 sive
1049 3994 1137 4043 durius
1149 3992 1232 4042 babiti
1244 4008 1321 4058 quam

206 4087 321 4139 requam,
332 4077 373 4124 vel
386 4074 474 4124 infami
485 4076 577 4138 injuria
589 4072 706 4128 adfectos
725 4077 888 4139 cognoveris,
899 4075 1070 4139 venirejube,
1085 4080 1114 4122 ut
1126 4074 1151 4121 in
1164 4078 1321 4135 potestatem

206 4154 295 4204 Sabini
306 4170 357 4204 non
368 4156 551 4207 revertantur?
586 4156 672 4205 Etiam
684 4156 814 4222 ingenuis,
824 4159 929 4223 injuria·
938 4155 1060 4208 adfectis.
1092 4156 1199 4205 sueton.
1213 4154 1238 4202 iu
1252 4152 1321 4215 Aug.

206 4235 372 4286 ‘Antonium
386 4237 511 4301 juvenem
532 4238 669 4288 simulacro
689 4237 753 4288 Divi
773 4241 850 4304 dolii,
869 4240 902 4290 ad
923 4239 992 4305 quod
1012 4243 1070 4303 post
1090 4236 1185 4285 multas
1197 4242 1222 4285 et
1235 4234 1322 4283 irritas

205 4318 474 4386 {meroingum
486 4320 624 4387 abreptum
645 4320 800 4373 interemit)
834 4323 867 4374 ln
884 4321 998 4386 liberio,
1010 4320 1043 4372 de
1061 4316 1224 4383 Agrippina:
1249 4312 1324 4365 ‘Nu
