3042 4950
592 419 627 466 c.
650 419 683 468 c.
706 418 849 467 racrrr.
1182 405 1269 474 4521

200 568 304 648 ringin
322 574 410 630 1515.
433 569 503 630 Kal.
529 568 652 629 Martii!
664 569 764 630 Editio
778 590 845 630 rara
859 579 888 630 et
903 568 997 631 nitida
1009 569 1119 630 chartis
1132 590 1167 630 ac
1181 571 1268 652 typis.

120 674 122 677 ’
200 665 307 726 Editor
325 665 414 725 libros
437 682 470 725 v.
494 686 529 725 ex
551 665 662 726 Codice
675 666 795 728 Corbei.
809 666 915 739 edidit,
941 666 971 725 in
999 667 1118 746 reliquis
1133 669 1269 729 Puteola·

199 781 270 822 num
292 746 421 824 secutus.
445 762 492 824 cf.
518 763 788 823 MaittaireAnnal.
816 773 880 843 typ.
900 763 939 825 T.
955 780 994 824 11.
1009 784 1041 843 p.
1056 763 1126 827 266.
1148 766 1193 825 Ex
1212 766 1268 827 hac

199 869 292 921 matre
306 861 353 920 ed.
370 873 447 921 natae
461 871 530 922 sunt
543 872 573 923 4.
588 860 674 921 filiae:

159 962 240 1027 1517
261 959 502 1031 Mediolanensis,
531 969 560 1020 8.
589 979 677 1038 qnam
700 980 735 1020 ex
765 957 855 1039 priori
870 957 952 1018 dedit
966 959 1051 1018 Alex.
1067 959 1265 1035 Minuciauns,

198 1056 326 1135 Apulus,
342 1065 462 1137 typogr.
492 1065 523 1117 et
544 1056 610 1117 bist.
638 1057 721 1118 Prof.
750 1056 875 1118 Mediol.
901 1056 1009 1135 passim
1032 1056 1269 1119 emendatam'et

197 1153 295 1214 Andr.
311 1154 418 1215 Alciati
431 1155 506 1214 nolis
520 1164 650 1215 auctam.
1155 1169 1158 1174 ’

156 1258 238 1324 1519
259 1253 429 1313 Basileeusis
444 1270 468 1314 1.
495 1253 547 1314 fol.
586 1253 644 1331 (Ρ.
696 1251 828 1313 Cornelii
852 1250 952 1311 Taciti
978 1250 1109 1311 Historia
1134 1255 1269 1332 Augusta

197 1350 349 1410 actionum
376 1352 572 1414 diurnalium:
603 1349 711 1411 additis
739 1351 871 1429 quinque
892 1349 975 1410 libris
997 1349 1267 1431 noviterinventis.

196 1446 326 1507 Andreae
339 1449 449 1510 Alciati
472 1449 702 1511 Mediolanensis
721 1450 749 1508 iu
759 1447 890 1521 ,eundem
906 1448 1120 1509 annotationes.
1134 1451 1180 1509 De
1195 1448 1264 1519 situ,

197 1544 340 1618 moribus,
355 1556 386 1607 et
407 1549 527 1628 populis
543 1549 710 1608 Germaniae
723 1547 860 1607 libellus:
875 1546 978 1606 eodem
993 1548 1082 1607 Corn.
1096 1547 1269 1608 Tacitoau·

199 1649 278 1704 tore.
300 1644 445 1722 Ejusdem
460 1646 605 1725 dialogus,
631 1667 667 1707 an
683 1646 728 1706 sni
742 1645 836 1706 seculi
856 1653 987 1705 oratores
1001 1634 1218 1723 antiquioribus¹
1236 1652 1267 1703 et

170 1756 289 1817 ‚quare
317 1742 494 1804 concedant.
520 1744 577 1805 Cn.
601 1743 673 1809 Julii
688 1743 833 1822 Agricolae
858 1743 917 1803 vita
945 1746 998 1823 per
1011 1742 1149 1803 eundem.
1176 1741 1265 1821 Apud

197 1836 345 1917 inclytam
369 1839 515 1900 Basileam
535 1860 571 1900 ex
600 1839 720 1900 officina
747 1842 795 1901 Jo.
825 1840 970 1912 Frobenii,
996 1860 1094 1901 mense
1122 1843 1199 1919 Aug.
1227 1842 1266 1900 A.

199 1942 300 2005 1519.’
320 1936 419 1997 Editio
439 1938 601 2017 elegantior
623 1939 782 2018 prioribus.
797 1938 921 1998 Curavit
935 1939 1052 2018 quidem
1068 1939 1174 1998 Beatus
1189 1938 1267 1997 Rbe-

91 2085 94 2090 .
197 2053 303 2106 nanus,
318 2036 369 2096 sed
385 2035 492 2096 Alciati
506 2036 650 2097 nonnullis
674 2037 785 2097 dicitur
807 2036 848 2096 cb
876 2034 992 2096 additas
1005 2036 1073 2114 ejus
1084 2044 1116 2095 et
1129 2035 1267 2095 Beroaldi

194 2131 353 2193 obserrntt.
375 2133 510 2194 Imitatur
530 2153 565 2193 ea
600 2133 803 2193 Beroaldinam
845 2132 897 2192 sed
913 2132 1031 2192 libellus
1054 2131 1092 2191 de
1106 2130 1266 2192 Germania

195 2229 306 2289 dicitur
319 2250 337 2289 a
367 2230 543 2309 prodigiosis
559 2231 667 2292 mendis
681 2239 852 2311 repurgatus
876 2249 926 2309 per
954 2232 1078 2290 Beatum
1093 2230 1266 2290 Rhenanam

195 2327 343 2389 beneficio
358 2328 479 2389 Codicis
492 2328 672 2390 vetustioris.
696 2327 744 2389 Cf.
760 2326 909 2389 Maittaire
922 2328 1032 2388 Annal.
1044 2326 1083 2412 T.
1097 2344 1129 2386 v.
1144 2327 1212 2387 Vol.
1225 2342 1265 2388 11.

195 2429 228 2489 p.
245 2420 315 2481 ars.
1201 2435 1203 2439 ·

157 2514 238 2576 1527
260 2509 390 2581 Juntina,
402 2510 499 2574 8.‘„P.
525 2510 614 2569 Corn.
639 2508 739 2569 Taciti
768 2509 807 2568 ab
830 2527 954 2567 excessu
980 2504 1042 2565 divi
1067 2504 1192 2583 Augusti
1206 2504 1267 2564 his·
1335 2588 1337 2591 Ι

194 2604 337 2666 toriarum
357 2606 423 2667 libri
437 2606 569 2687 quinque
592 2626 687 2688 nuper
710 2605 832 2678 inventi,
854 2614 944 2683 atque
967 2623 1036 2664 eum
1058 2590 1178 2682 reliquis
1198 2602 1265 2679 ejus

194 2703 335 2782 operibns
360 2703 490 2763 maxima
512 2704 661 2784 diligentia
688 2703 799 2763 excusi.
848 2700 1003 2761 Florentiae
1042 2719 1096 2778 per
1134 2698 1265 2758 haeredes

192 2791 325 2881 Philippi
348 2804 458 2874 Juntae,
488 2805 525 2863 A.
552 2804 592 2863 D.
619 2810 707 2871 1527.
730 2800 836 2862 mensis
865 2798 938 2860 Maii
962 2798 1011 2859 die
1037 2796 1264 2857 xx11.'Textus

195 2897 333 2958 Beroaldi
350 2898 498 2962 interdum
514 2911 666 2962 correctus
680 2901 718 2961 ab
733 2903 804 2959 Ant.
820 2900 924 2960 Franc.
938 2893 1121 2958 Varchiensi.

156 3001 236 3057 1552
259 2995 435 3069 Florentino,
449 3009 478 3061 8.

502 3319 616 3381 AETAS
640 3334 695 3379 111.
719 3316 921 3377 RHENANI.

157 3571 237 3624 1533
258 3559 392 3622 Rhenani
414 3531 786 3618 1.⁸etBasil.11.fol.‘P.
810 3554 900 3614 Corn.
914 3550 1016 3613 Taciti
1041 3549 1150 3629 equitis
1175 3549 1264 3607 Rom.
1386 3534 1393 3546 ¹

196 3658 354 3720 Annalium
375 3656 414 3716 ab
437 3674 560 3716 excessu
581 3654 718 3732 Augusti,
745 3652 908 3731 sicutipse
929 3657 1028 3720 vocat,
1050 3648 1110 3707 sive
1125 3643 1263 3705 Historia

195 3762 351 3836 Augustae,
377 3754 429 3834 qui
456 3752 545 3830 vulgo
572 3760 710 3828 receptus
738 3751 843 3810 titulus
872 3759 927 3820 est,
950 3747 1017 3808 libri
1044 3745 1182 3814 sedecim,
1210 3742 1264 3821 qui

197 3863 368 3936 supersunt,
393 3853 503 3932 partim
526 3849 606 3911 band
640 3850 805 3909 oscitanter
838 3847 970 3925 perlecti,
1004 3844 1122 3922 partim,
1159 3859 1264 3918 nempe

195 3954 381 4032 posteriores,
409 3949 448 4012 ad
471 3949 621 4027 exemplar
649 3946 880 4023 manuscriptum
908 3941 1052 4020 recogniti
1072 3959 1178 4017 magna
1193 3937 1262 4010 lide,

197 4068 252 4110 nec
270 4050 381 4108 minore
395 4045 525 4125 judicio,
555 4065 611 4129 per.
635 4046 760 4106 Beatum
789 4042 973 4103 Rhenanum.
998 4038 1079 4098 Nihil
1106 4037 1153 4097 hic
1179 4034 1263 4114 fingi,

197 4147 351 4208 docebunt
372 4145 578 4225 castigationes
605 4144 666 4204 suis
694 4162 822 4223 quaeque
841 4141 925 4201 libris
952 4136 1076 4199 additae.
1131 4132 1263 4193 Libellus

197 4247 229 4308 J.
260 4243 362 4326 Lipsio
387 4242 538 4306 emendati
561 4249 592 4304 et
618 4240 768 4303 illustrati.
797 4236 981 4319 Antverpiae,
1018 4254 1056 4296 ex
1087 4230 1168 4294 offic.
1190 4230 1262 4293 cnr.
