3042 4950
240 369 328 439 tiso
594 388 624 438 r.
648 389 762 440 nisan
788 389 989 440 nxctrnsus

241 533 318 585 clisii
337 533 415 583 etiam
431 548 499 583 nunc
516 539 816 594 statns‚monnmentunr
836 544 863 587 et
884 537 984 587 Schola:
1004 536 1074 597 olim,
1084 542 1112 586 et
1133 535 1190 600 ejus
1205 526 1343 584 doctrine.

239 614 409 665 Commoristi
429 628 470 663 ma
489 629 520 663 eo
536 622 696 678 argumento,
707 631 765 666 cum
785 618 845 680 legi,
855 617 951 667 fateor:
976 619 1020 668 sed
1033 619 1099 667 idem
1110 616 1186 667 facile
1197 617 1222 665 in
1234 615 1342 679 gradum

241 696 390 761 reposuisti,
401 696 576 759 descriptione
587 713 664 762 quarn
674 697 755 749 addis.
789 699 841 752 Qui
858 701 925 749 enim
946 701 1050 758 evincis,
1063 709 1107 750 aut
1119 701 1188 749 illam
1201 700 1279 749 talem
1290 704 1343 745 sta·

241 785 313 828 tuam
336 778 453 829 Eumenii
464 793 530 840 esse,
545 787 589 829 aut
610 779 688 843 prisci
708 781 811 829 omnino
821 782 887 830 aeri?
902 781 998 841 ‘stab'
1016 782 1110 845 inquis,
1126 781 1196 846 (nans
1207 779 1286 829 rerba
1296 786 1343 829 tna

236 857 349 924 usurpo)
370 861 413 909 ‘in
427 861 523 911 uestitu
534 862 574 910 sui
585 861 725 925 temporis:
743 860 830 909 tunica
848 862 970 912 videlicet
980 863 1055 912 talari
1067 869 1163 924 tectus,
1180 868 1207 912 et
1216 861 1298 910 calcei
1309 874 1343 909 ex

240 942 313 992 aluta
324 942 415 1006 pedem
429 957 459 991 ac
480 943 545 992 talos
560 943 675 1005 cingunt,
691 948 719 992 et
736 957 816 1005 snpra
832 943 924 1005 pedam
941 945 1026 993 execti
1038 950 1116 1007 atque
1127 941 1264 991 fenestrati
1274 947 1345 995 sunt.

241 1023 346 1075 &mam
364 1025 389 1072 in
410 1023 496 1074 fronte
515 1032 542 1075 et
557 1024 659 1075 cervice
675 1024 837 1074 decurtatam
855 1026 989 1090 aqualiter
1003 1025 1157 1089 constringit
1169 1025 1252 1085 vitta3
1277 1022 1346 1072 sicut

240 1112 358 1156 ventrem
375 1106 443 1156 lattu
461 1107 577 1156 baltlteus
595 1115 672 1172 atque
684 1107 803 1156 bullatus.
838 1108 940 1157 Dextra
950 1123 1057 1157 massam
1071 1107 1112 1155 vel
1123 1107 1179 1155 arui
1189 1107 1230 1154 vel
1242 1104 1346 1170 argenti

240 1187 267 1236 in
287 1195 378 1252 patera
395 1189 503 1253 positam
523 1196 681 1253 prasentare
701 1187 815 1238 ridetur:
844 1189 946 1238 sinistra
967 1190 1051 1239 tenuit
1068 1187 1178 1238 ferulam
1198 1186 1347 1246 demissam,

241 1269 384 1333 magisterii
405 1270 519 1333 insigne?
550 1271 632 1323 'l'uarn
653 1268 741 1332 fidem,
761 1269 846 1333 Pigbi.
879 1270 947 1320 Haec
968 1271 1078 1334 insignia
1095 1272 1219 1320 Eumenio
1235 1267 1348 1336 Rhetori

242 1352 412 1403 conveniunt?
430 1353 603 1404 Bsitbensne?
619 1353 663 1418 qui
675 1353 785 1403 militnm
795 1354 938 1404 essesolet.
961 1353 1086 1404 Vittane?
1102 1367 1159 1418 qne
1170 1352 1346 1403 sacerdotum.

242 1434 355 1485 Ferula?
371 1452 429 1501 qua
441 1437 640 1501 pedagogorum
651 1453 657 1484 ε
676 1437 844 1487 nonistorum
863 1439 909 1513 (ne
921 1437 946 1486 id
959 1437 1029 1485 nobis
1047 1434 1168 1499 suadeas)
1185 1435 1228 1499 qni
1241 1433 1347 1498 publice

243 1522 339 1566 etcum
351 1518 479 1582 dignitate
491 1519 628 1569 docebant.
656 1519 714 1571 Jam
727 1520 852 1569 comailla
864 1520 901 1569 aic
913 1518 1060 1577 decurtata,
1072 1518 1160 1568 tunica
1171 1518 1215 1567 ilia
1226 1516 1259 1566 ad
1270 1517 1347 1574 talos,

242 1603 271 1647 et
281 1599 379 1649 calcei:
397 1615 532 1664 numquam
551 1615 567 1649 a
587 1609 639 1650 tam
657 1600 744 1664 prisco
755 1600 847 1650 babitu
867 1600 928 1650 mibi
948 1601 1093 1662 rideantur,
1109 1598 1233 1665 quidquid
1245 1598 1347 1648 adierat

243 1685 289 1729 tna
300 1681 402 1732 Peitho.
435 1683 520 1731 Velim
541 1691 568 1731 et
586 1682 649 1731 illud
668 1683 735 1733 bona
754 1683 829 1733 venia
848 1684 1001 1748 quesitum:
1032 1698 1064 1731 an
1076 1695 1169 1732 nomen
1181 1679 1299 1731 Eumenii
1311 1679 1348 1727 in·

243 1763 372 1826 sculptum
389 1765 415 1813 in
434 1765 481 1814 bac
500 1772 588 1813 statua
606 1765 667 1814 est?
686 1779 737 1813 nou
756 1765 826 1815 enirn
841 1765 916 1814 dicis.
948 1766 975 1813 Si
989 1771 1043 1814 est:
1061 1761 1164 1827 aliquod
1177 1768 1260 1825 prote
1273 1774 1349 1824 argu·

242 1850 358 1893 mantum
369 1844 462 1907 fateor,
475 1846 519 1893 sed
536 1844 651 1907 fluxum;
669 1846 728 1909 qnia
747 1847 833 1910 plures
845 1845 950 1895 fueraut
962 1846 1098 1894 Eumenii:
1115 1845 1197 1894 sinon
1209 1850 1264 1904 est;
1283 1840 1346 1906 quid

243 1940 320 1989 urges
338 1940 384 1975 noa
403 1927 510 1990 ancipiti
527 1926 692 1989 conjectura?
718 1927 770 1977 Sed
791 1929 891 1977 transis·
903 1927 934 1977 ab
957 1928 1005 1976 boc
1027 1927 1143 1976 musculo
1155 1924 1199 1975 'ad
1216 1924 1347 1988 duplicem

242 2007 378 2058 Arietem:
397 2025 460 2073 quos
471 2010 605 2073 intorques
626 2009 710 2059 verbis
728 2016 756 2059 et
768 2009 864 2061 viribus
876 2010 1004 2069 Eumeoii,
1015 2016 1043 2057 et
1054 2009 1147 2058 moeuis
1164 2013 1252 2056 nmtra
1270 2006 1348 2056 ralde

243 2092 336 2154 quatis.
368 2091 494 2151 Primum,
512 2091 607 2155 inquis,
617 2092 756 2140 Eumenius
768 2092 823 2156 ipse
835 2090 911 2140 docet
922 2091 1019 2141 sentire
1031 2106 1059 2140 se
1070 2090 1103 2140 de
1114 2090 1208 2152 clivio,
1224 2103 1282 2152 com
1301 2086 1349 2150 ait,

243 2172 352 2221 ‘urbem
371 2188 442 2223 stram
461 2174 597 2223 latrocinio
615 2175 748 2223 Batavicac
771 2174 919 2225 rebellionis
936 2173 1074 2235 obsessam,
1092 2171 1200 2222 Romani
1218 2169 1349 2233 Principis

243 2256 365 2304 auxilium
378 2253 524 2319 flagitasse!
555 2257 630 2306 Belle
648 2257 695 2305 boc
710 2256 736 2304 ln
756 2257 893 2306 Rhenanos
904 2258 1005 2307 accolas
1016 2255 1147 2316 conuenit,
1157 2255 1199 2320 qui
1211 2253 1287 2302 ricini
1297 2254 1349 2302 Ba·

243 2337 326 2386 tntis:
347 2337 373 2386 in
385 2336 632 2401 Augustodunenaes
641 2338 683 2403 qui
703 2339 809 2401 potest?
826 2346 871 2388 aot
882 2340 939 2403 quis
957 2338 1047 2388 credat
1064 2339 1175 2387 Batavos
1186 2336 1219 2386 ab
1230 2344 1348 2385 extremo

244 2419 360 2480 Oceano,
372 2434 417 2484 per
430 2425 469 2469 tot
480 2421 534 2470 sola
546 2428 684 2484 terrarum,
699 2422 725 2469 in
744 2421 857 2471 mediam
872 2422 999 2472 Celticsm
1013 2420 1183 2486 penetrasse?
1200 2418 1277 2484 idque
1288 2431 1348 2467 cum

242 2508 284 2551 tot
295 2503 393 2567 oppida
403 2503 551 2568 interjecta,
563 2512 591 2554 et
602 2505 722 2569 praesidia
732 2506 827 2570 ubique
839 2506 963 2555 Romana.
980 2505 1023 2554 Nc
1034 2518 1083 2568 ego
1095 2502 1209 2566 quidem,
1219 2501 1254 2550 mi
1264 2499 1351 2563 Pighi,

243 2584 338 2634 credo:
357 2585 402 2634 aed
414 2585 523 2636 arietem
534 2588 601 2637 huuc
616 2592 688 2637 tuurb
706 2588 806 2652 pridem
821 2588 888 2638 baud
908 2587 1028 2637 incallide
1048 2588 1142 2649 laqueo
1152 2584 1245 2633 averti.
1279 2584 1348 2633 Nam

227 2663 332 2714 'vitium
344 2664 386 2715 bic
399 2665 472 2715 vcrbi
485 2681 552 2727 esse,
564 2676 592 2719 et
603 2669 748 2719 Baesadicoe
768 2669 915 2734 legendum,
928 2668 1005 2718 docui
1024 2670 1051 2716 in
1070 2665 1263 2715 Commentario
1273 2678 1349 2715 meo:

241 2759 318 2809 quem
331 2754 391 2809 peto
410 2748 490 2811 legas.
523 2749 635 2800 AEtolica
656 2751 713 2800 baec
733 2750 904 2812 senserant,
922 2751 1030 2814 inquies.
1063 2748 1193 2799 Nonest:
1212 2746 1273 2797 vide
1284 2753 1349 2796 tem·

243 2840 315 2888 pora,
324 2827 382 2875 uide
393 2829 543 2879 historiam:
562 2832 659 2895 optime
671 2833 703 2880 de
715 2833 844 2882 Bacandis
857 2833 943 2881 omnia
954 2832 1129 2880 conveniunt:
1148 2829 1215 2878 baud
1228 2841 1303 2893 aeque
1315 2827 1349 2878 de

236 2907 350 2957 Rotaria
363 2924 369 2957 r
388 2909 432 2974 qui
444 2912 566 2962 Romanis
578 2917 640 2962 tnnc
651 2914 712 2974 uon
730 2916 773 2980 qui
785 2914 871 2975 fracti,
883 2923 910 2963 et
928 2914 1060 2977 injuriosa
1077 2912 1201 2963 Barbarie
1213 2911 1296 2962 varias
1308 2923 1350 2962 ae·

241 2999 378 3053 ceperunt,
395 3006 446 3040 nou
466 2981 514 3057 ipsi
536 2993 592 3043 aliis
605 2994 759 3044 intulerunt.
790 2997 828 3043 Tu
842 2996 897 3059 ipse
910 2995 1001 3057 haeres,
1017 3001 1044 3044 et
1056 2994 1176 3057 ambigue
1188 2992 1349 3042 obsidionem

241 3069 309 3120 hanc
319 3070 352 3119 ad
370 3071 455 3120 Taciti
466 3073 534 3138 Imp.
551 3077 670 3138 tempora
682 3074 781 3125 refers:
800 3077 848 3126 sub
865 3089 916 3140 qno
932 3075 1025 3125 Franci
1037 3076 1147 3139 aliaeque
1159 3075 1349 3124 Germanorum

242 3157 334 3213 gentes
346 3153 480 3204 Bataviam
492 3162 520 3205 et
531 3156 644 3206 Galliam
664 3158 799 3207 vastarint.
832 3158 883 3207 Sed
897 3157 939 3220 qui
958 3156 1037 3206 doces
1056 3156 1126 3219 ipsos
1141 3157 1254 3204 Batavos
1263 3154 1350 3204 aliena

243 3239 306 3282 tunc
318 3236 454 3285 vastasse?
479 3223 511 3285 Id
529 3238 597 3287 enim
609 3252 742 3288 necessum
754 3245 805 3300 est,
824 3238 845 3287 si
865 3238 948 3301 proba
967 3237 1047 3287 verba
1066 3236 1191 3286 Batasicoe
1208 3235 1351 3288 rebellionis.

242 3314 328 3364 Vocat
338 3317 417 3366 etiarn
431 3319 609 3370 tnrroctnism:
626 3321 695 3386 qnod
707 3338 722 3370 a
733 3336 775 3371 me
786 3329 837 3383 est,
855 3321 916 3385 quia
933 3320 1027 3370 Victor
1040 3319 1136 3382 aliique
1157 3317 1291 3367 Bacandas
1302 3318 1350 3367 bos

242 3395 386 3461 appellant,
400 3405 507 3461 agrerim
525 3417 553 3450 aa
571 3403 683 3452 latrones.
719 3402 907 3465 Argumentum
922 3402 1050 3451 ultimum.
1085 3400 1182 3464 Verba,
1192 3399 1287 3464 inquis,
1298 3400 1350 3449 En-

242 3476 321 3528 monii
332 3479 369 3528 ita
381 3481 451 3530 clare
464 3489 491 3532 et
503 3484 626 3547 graphice
642 3484 754 3534 clivium
766 3491 792 3533 et
811 3484 927 3534 finitima
940 3483 1051 3547 regionis
1061 3482 1138 3531 sitnm
1150 3481 1309 3543 describunt,
1319 3487 1350 3530 nt

241 3558 309 3608 trahi
329 3557 450 3611 aliorsum
469 3564 539 3612 nulla
557 3565 582 3613 vi
604 3565 712 3628 possint.
748 3565 903 3614 Videamus:
929 3580 1021 3629 ponam
1043 3565 1099 3627 ipsa
1119 3563 1253 3627 pluscula:
1273 3561 1350 3613 ‘Nisi

241 3637 311 3691 t'orte
322 3657 374 3692 uon
393 3645 495 3708 grauior·
506 3647 670 3696 Britanniam
689 3649 763 3697 ruina
775 3647 951 3710 depresserat,
967 3660 1043 3710 qnam
1060 3645 1081 3692 si
1100 3643 1204 3708 perfosso
1216 3650 1351 3707 tegeretur

243 3720 365 3773 Oceano:
384 3742 442 3790 qnae
455 3728 654 3791 profundissimo
674 3731 813 3780 Poenorum
826 3730 842 3789 ς’
859 3731 909 3794 [ita
922 3729 1073 3778 Rhenanus:
1092 3735 1118 3775 tu
1133 3728 1257 3775 Pictorum
1269 3726 1350 3785 legia:

244 3803 425 3866 Cuspinianus.
442 3825 571 3873 penarum,
593 3827 669 3877 quem
697 3813 822 3877 sequor;]
847 3811 969 3874 ‘gurgite
992 3810 1102 3858 liberata
1124 3807 1158 3856 ad
1179 3814 1351 3869 conspectum

244 3882 369 3938 Romanor
382 3889 446 3936 lucis
457 3894 569 3941 emersit.
605 3894 658 3944 Aut
670 3895 725 3943 baec
741 3894 806 3956 ipsa,
816 3908 874 3957 quse
888 3891 965 3940 modo
976 3890 1071 3939 desinit
1086 3904 1141 3938 esse
1152 3888 1288 3950 Barbaria,
1299 3902 1351 3938 non

243 3966 324 4029 tnagis
336 3964 442 4017 feritate
453 3971 618 4022 ¹Francorum
638 3976 710 4024 reiut
728 3976 821 4023 hausta
834 3973 986 4038 desederat:
1005 3986 1080 4036 quarn
1093 3971 1115 4021 si
1125 3985 1183 4020 eam
1194 3968 1352 4020 circumfusa

244 4043 350 4096 flamina
362 4056 389 4097 et
402 4065 471 4098 mare
483 4053 582 4101 alluens
594 4055 754 4118 operuisset?
788 4057 836 4118 En,
855 4055 925 4104 velut
944 4054 970 4102 iu
988 4053 1085 4115 tabula,
1105 4060 1134 4102 ut
1153 4052 1201 4113 ais,
1217 4033 1351 4114 depictum

242 4127 355 4191 exponit
372 4130 508 4181 Bataviam
526 4149 583 4182 curn
605 4136 689 4185 vicina
709 4137 868 4186 Germania:
894 4147 958 4198 quos
975 4134 1052 4183 ramis
1063 4132 1114 4182 sois
1126 4132 1230 4182 Rbenns
1242 4131 1352 4181 circnm-

212 4253 213 4257 ,
243 4204 340 4269 londo,
351 4216 379 4259 et
390 4212 466 4261 Mosa
478 4213 552 4276 aluit,
571 4220 599 4263 ct
617 4215 716 4265 Oceani
727 4217 803 4266 'sinus
820 4216 914 4280 ubique
926 4221 1045 4279 tangunt.
1079 4212 1150 4264 ‘Ubi
1162 4221 1250 4263 autern
1261 4211 1352 4264 AEduis

245 4302 316 4342 utare
327 4291 442 4344 aduensi
457 4294 503 4345 ubi
523 4294 679 4347 circumfusa
696 4294 829 4347 fluminai'
845 4298 912 4361 Pax,
923 4296 958 4347 mi
973 4295 1059 4361 Pigbi,
1071 4294 1174 4359 objecto
1192 4295 1258 4345 iana
1274 4306 1353 4352 sacen
