<?xml version="1.0" encoding="UTF-8"?>
<!DOCTYPE html PUBLIC "-//W3C//DTD XHTML 1.0 Transitional//EN"
    "http://www.w3.org/TR/xhtml1/DTD/xhtml1-transitional.dtd">
<html xmlns="http://www.w3.org/1999/xhtml" xml:lang="en" lang="en">
 <head>
  <title>
</title>
<meta http-equiv="Content-Type" content="text/html;charset=utf-8" />
  <meta name='ocr-system' content='tesseract 3.04.00' />
  <meta name='ocr-capabilities' content='ocr_page ocr_carea ocr_par ocr_line ocrx_word'/>
</head>
<body>
  <div class='ocr_page' id='page_1' title='image "./operaomnia00tacigoog/operaomnia00tacigoog_0049.png"; bbox 0 0 3042 4950; ppageno 0'>
   <div class='ocr_carea' id='block_1_1' title="bbox 510 343 1301 413">
    <p class='ocr_par' dir='ltr' id='par_1_1' title="bbox 510 343 1301 413">
     <span class='ocr_line' id='line_1_1' title="bbox 510 343 1301 413; baseline 0.008 -7"><span class='ocrx_word' id='word_1_1' title='bbox 510 358 649 406; x_wconf 78' lang='lat' dir='ltr'><strong>suurn.</strong></span> <span class='ocrx_word' id='word_1_2' title='bbox 675 356 732 405; x_wconf 94' lang='grc' dir='ltr'><strong>ιιι.</strong></span> <span class='ocrx_word' id='word_1_3' title='bbox 755 357 974 407; x_wconf 76' lang='lat' dir='ltr'><strong>uuuunruu.</strong></span> <span class='ocrx_word' id='word_1_4' title='bbox 1023 389 1025 393; x_wconf 83' lang='lat'><strong>.</strong></span> <span class='ocrx_word' id='word_1_5' title='bbox 1212 343 1301 413; x_wconf 72' lang='grc'>4487,</span> 
     </span>
    </p>
   </div>
   <div class='ocr_carea' id='block_1_2' title="bbox 187 498 1305 2534">
    <p class='ocr_par' dir='ltr' id='par_1_2' title="bbox 187 498 1301 1370">
     <span class='ocr_line' id='line_1_2' title="bbox 191 498 1300 569; baseline 0.001 -18"><span class='ocrx_word' id='word_1_6' title='bbox 191 500 293 569; x_wconf 73' lang='lat' dir='ltr'><strong>Arietis</strong></span> <span class='ocrx_word' id='word_1_7' title='bbox 304 503 380 566; x_wconf 81' lang='lat' dir='ltr'><strong>irrrjus</strong></span> <span class='ocrx_word' id='word_1_8' title='bbox 395 503 476 558; x_wconf 85' lang='lat' dir='ltr'><strong>ictum</strong></span> <span class='ocrx_word' id='word_1_9' title='bbox 494 503 582 552; x_wconf 86' lang='lat' dir='ltr'><strong>mollio</strong></span> <span class='ocrx_word' id='word_1_10' title='bbox 600 509 627 552; x_wconf 90' lang='lat' dir='ltr'><strong>et</strong></span> <span class='ocrx_word' id='word_1_11' title='bbox 647 501 755 566; x_wconf 77' lang='lat' dir='ltr'>excipio.</span> <span class='ocrx_word' id='word_1_12' title='bbox 789 501 885 550; x_wconf 84' lang='lat' dir='ltr'><strong>AEdnos</strong></span> <span class='ocrx_word' id='word_1_13' title='bbox 897 516 948 550; x_wconf 90' lang='lat' dir='ltr'><strong>nou</strong></span> <span class='ocrx_word' id='word_1_14' title='bbox 960 500 1073 550; x_wconf 71' lang='lat' dir='ltr'><strong>describi</strong></span> <span class='ocrx_word' id='word_1_15' title='bbox 1084 498 1184 549; x_wconf 84' lang='lat' dir='ltr'><strong>fateor:</strong></span> <span class='ocrx_word' id='word_1_16' title='bbox 1202 500 1300 553; x_wconf 85' lang='lat' dir='ltr'><strong>affirmo</strong></span> 
     </span>
     <span class='ocr_line' id='line_1_3' title="bbox 190 582 1299 650; baseline -0.005 -12"><span class='ocrx_word' id='word_1_17' title='bbox 190 589 276 638; x_wconf 78' lang='lat' dir='ltr'><strong>totam</strong></span> <span class='ocrx_word' id='word_1_18' title='bbox 287 585 409 646; x_wconf 79' lang='lat' dir='ltr'><strong>Galliam,</strong></span> <span class='ocrx_word' id='word_1_19' title='bbox 420 586 446 634; x_wconf 93' lang='lat' dir='ltr'><strong>in</strong></span> <span class='ocrx_word' id='word_1_20' title='bbox 458 601 509 650; x_wconf 83' lang='lat' dir='ltr'><strong>qua</strong></span> <span class='ocrx_word' id='word_1_21' title='bbox 517 585 603 634; x_wconf 86' lang='lat' dir='ltr'><strong>AEdui.</strong></span> <span class='ocrx_word' id='word_1_22' title='bbox 622 585 716 634; x_wconf 88' lang='lat' dir='ltr'><strong>Franci</strong></span> <span class='ocrx_word' id='word_1_23' title='bbox 727 600 785 649; x_wconf 75' lang='lat' dir='ltr'><strong>quaa</strong></span> <span class='ocrx_word' id='word_1_24' title='bbox 797 586 855 633; x_wconf 88' lang='lat' dir='ltr'><strong>loca</strong></span> <span class='ocrx_word' id='word_1_25' title='bbox 866 583 945 646; x_wconf 85' lang='lat' dir='ltr'><strong>magis</strong></span> <span class='ocrx_word' id='word_1_26' title='bbox 958 588 1100 644; x_wconf 84' lang='lat' dir='ltr'><strong>vastarunt,</strong></span> <span class='ocrx_word' id='word_1_27' title='bbox 1110 582 1160 631; x_wconf 88' lang='lat' dir='ltr'><strong>imo</strong></span> <span class='ocrx_word' id='word_1_28' title='bbox 1172 591 1299 646; x_wconf 86' lang='lat' dir='ltr'><strong>ceperunt</strong></span> 
     </span>
     <span class='ocr_line' id='line_1_4' title="bbox 191 664 1300 730; baseline 0 -17"><span class='ocrx_word' id='word_1_29' title='bbox 191 664 243 713; x_wconf 86' lang='lat' dir='ltr'><strong>sibi</strong></span> <span class='ocrx_word' id='word_1_30' title='bbox 254 673 283 714; x_wconf 89' lang='lat' dir='ltr'><strong>et</strong></span> <span class='ocrx_word' id='word_1_31' title='bbox 294 665 453 729; x_wconf 87' lang='lat' dir='ltr'><strong>insederunt,</strong></span> <span class='ocrx_word' id='word_1_32' title='bbox 464 681 540 730; x_wconf 89' lang='lat' dir='ltr'><strong>quarn</strong></span> <span class='ocrx_word' id='word_1_33' title='bbox 560 666 689 716; x_wconf 77' lang='lat' dir='ltr'><strong>Galliam-i</strong></span> <span class='ocrx_word' id='word_1_34' title='bbox 707 666 802 730; x_wconf 87' lang='lat' dir='ltr'><strong>ltaque</strong></span> <span class='ocrx_word' id='word_1_35' title='bbox 813 680 872 716; x_wconf 90' lang='lat' dir='ltr'><strong>oum</strong></span> <span class='ocrx_word' id='word_1_36' title='bbox 883 666 993 714; x_wconf 80' lang='lat' dir='ltr'><strong>Francos</strong></span> <span class='ocrx_word' id='word_1_37' title='bbox 1005 665 1129 727; x_wconf 88' lang='lat' dir='ltr'><strong>nominet,</strong></span> <span class='ocrx_word' id='word_1_38' title='bbox 1141 665 1210 713; x_wconf 88' lang='lat' dir='ltr'><strong>vides</strong></span> <span class='ocrx_word' id='word_1_39' title='bbox 1222 680 1300 729; x_wconf 87' lang='lat' dir='ltr'><strong>quarn</strong></span> 
     </span>
     <span class='ocr_line' id='line_1_5' title="bbox 192 745 1299 812; baseline 0 -16"><span class='ocrx_word' id='word_1_40' title='bbox 192 748 313 810; x_wconf 85' lang='lat' dir='ltr'><strong>apposite</strong></span> <span class='ocrx_word' id='word_1_41' title='bbox 325 756 352 797; x_wconf 86' lang='lat' dir='ltr'><strong>et</strong></span> <span class='ocrx_word' id='word_1_42' title='bbox 363 749 476 801; x_wconf 88' lang='lat' dir='ltr'><strong>omnium</strong></span> <span class='ocrx_word' id='word_1_43' title='bbox 489 749 654 798; x_wconf 77' lang='lat' dir='ltr'><strong>historiarum</strong></span> <span class='ocrx_word' id='word_1_44' title='bbox 666 749 722 812; x_wconf 84' lang='lat' dir='ltr'><strong>ejus</strong></span> <span class='ocrx_word' id='word_1_45' title='bbox 734 750 783 797; x_wconf 79' lang='lat' dir='ltr'><strong>sevi</strong></span> <span class='ocrx_word' id='word_1_46' title='bbox 799 762 935 811; x_wconf 82' lang='lat' dir='ltr'><strong>consensu,</strong></span> <span class='ocrx_word' id='word_1_47' title='bbox 946 746 978 796; x_wconf 86' lang='lat' dir='ltr'><strong>ad</strong></span> <span class='ocrx_word' id='word_1_48' title='bbox 994 745 1106 795; x_wconf 79' lang='lat' dir='ltr'><strong>Galliam</strong></span> <span class='ocrx_word' id='word_1_49' title='bbox 1124 746 1149 794; x_wconf 90' lang='lat' dir='ltr'><strong>id</strong></span> <span class='ocrx_word' id='word_1_50' title='bbox 1162 747 1299 796; x_wconf 85' lang='lat' dir='ltr'><strong>trahamus.</strong></span> 
     </span>
     <span class='ocr_line' id='line_1_6' title="bbox 190 828 1301 897; baseline -0.002 -19"><span class='ocrx_word' id='word_1_51' title='bbox 190 829 245 878; x_wconf 83' lang='lat' dir='ltr'><strong>Sed</strong></span> <span class='ocrx_word' id='word_1_52' title='bbox 255 831 299 880; x_wconf 90' lang='lat' dir='ltr'><strong>ubi</strong></span> <span class='ocrx_word' id='word_1_53' title='bbox 309 846 388 894; x_wconf 86' lang='lat' dir='ltr'><strong>mare,</strong></span> <span class='ocrx_word' id='word_1_54' title='bbox 399 832 494 897; x_wconf 83' lang='lat' dir='ltr'><strong>inquis,</strong></span> <span class='ocrx_word' id='word_1_55' title='bbox 505 840 532 881; x_wconf 90' lang='lat' dir='ltr'><strong>et</strong></span> <span class='ocrx_word' id='word_1_56' title='bbox 543 830 664 881; x_wconf 87' lang='lat' dir='ltr'><strong>flumina?</strong></span> <span class='ocrx_word' id='word_1_57' title='bbox 683 831 823 895; x_wconf 88' lang='lat' dir='ltr'><strong>conspicua</strong></span> <span class='ocrx_word' id='word_1_58' title='bbox 835 837 864 879; x_wconf 86' lang='lat' dir='ltr'><strong>et</strong></span> <span class='ocrx_word' id='word_1_59' title='bbox 874 828 901 878; x_wconf 90' lang='lat' dir='ltr'><strong>in</strong></span> <span class='ocrx_word' id='word_1_60' title='bbox 912 835 1011 897; x_wconf 80' lang='lat' dir='ltr'><strong>aperto.</strong></span> <span class='ocrx_word' id='word_1_61' title='bbox 1045 828 1115 879; x_wconf 84' lang='lat' dir='ltr'><strong>Quid</strong></span> <span class='ocrx_word' id='word_1_62' title='bbox 1124 831 1193 876; x_wconf 88' lang='lat' dir='ltr'><strong>enim</strong></span> <span class='ocrx_word' id='word_1_63' title='bbox 1205 829 1301 878; x_wconf 85' lang='lat' dir='ltr'><strong>elarius</strong></span> 
     </span>
     <span class='ocr_line' id='line_1_7' title="bbox 190 911 1298 980; baseline 0.001 -21"><span class='ocrx_word' id='word_1_64' title='bbox 190 926 269 977; x_wconf 85' lang='lat' dir='ltr'><strong>quam</strong></span> <span class='ocrx_word' id='word_1_65' title='bbox 287 913 398 963; x_wconf 78' lang='lat' dir='ltr'><strong>Galliam</strong></span> <span class='ocrx_word' id='word_1_66' title='bbox 416 914 480 962; x_wconf 86' lang='lat' dir='ltr'><strong>mari</strong></span> <span class='ocrx_word' id='word_1_67' title='bbox 501 913 631 980; x_wconf 75' lang='lat' dir='ltr'><strong>utrimque</strong></span> <span class='ocrx_word' id='word_1_68' title='bbox 652 913 728 963; x_wconf 77' lang='lat' dir='ltr'><strong>artui?</strong></span> <span class='ocrx_word' id='word_1_69' title='bbox 755 913 817 978; x_wconf 90' lang='lat' dir='ltr'><strong>qnid</strong></span> <span class='ocrx_word' id='word_1_70' title='bbox 837 912 933 962; x_wconf 88' lang='lat' dir='ltr'><strong>certius</strong></span> <span class='ocrx_word' id='word_1_71' title='bbox 950 926 1027 976; x_wconf 87' lang='lat' dir='ltr'><strong>quam</strong></span> <span class='ocrx_word' id='word_1_72' title='bbox 1037 911 1162 960; x_wconf 87' lang='lat' dir='ltr'><strong>Rhenoet</strong></span> <span class='ocrx_word' id='word_1_73' title='bbox 1174 911 1298 960; x_wconf 84' lang='lat' dir='ltr'><strong>Rhodano</strong></span> 
     </span>
     <span class='ocr_line' id='line_1_8' title="bbox 187 992 1297 1057; baseline -0.001 -14"><span class='ocrx_word' id='word_1_74' title='bbox 187 993 372 1055; x_wconf 77' lang='lat' dir='ltr'><strong>circumfundi,</strong></span> <span class='ocrx_word' id='word_1_75' title='bbox 383 1003 411 1045; x_wconf 86' lang='lat' dir='ltr'><strong>et</strong></span> <span class='ocrx_word' id='word_1_76' title='bbox 421 996 508 1045; x_wconf 89' lang='lat' dir='ltr'><strong>multis</strong></span> <span class='ocrx_word' id='word_1_77' title='bbox 526 996 581 1044; x_wconf 88' lang='lat' dir='ltr'><strong>aliis</strong></span> <span class='ocrx_word' id='word_1_78' title='bbox 598 993 748 1045; x_wconf 84' lang='lat' dir='ltr'><strong>fluminibus</strong></span> <span class='ocrx_word' id='word_1_79' title='bbox 760 992 901 1057; x_wconf 80' lang='lat' dir='ltr'><strong>perfundi?</strong></span> <span class='ocrx_word' id='word_1_80' title='bbox 927 993 1032 1057; x_wconf 87' lang='lat' dir='ltr'><strong>Itaque,</strong></span> <span class='ocrx_word' id='word_1_81' title='bbox 1041 992 1077 1041; x_wconf 88' lang='lat' dir='ltr'><strong>mi</strong></span> <span class='ocrx_word' id='word_1_82' title='bbox 1087 993 1185 1056; x_wconf 90' lang='lat' dir='ltr'><strong>optime</strong></span> <span class='ocrx_word' id='word_1_83' title='bbox 1196 1000 1224 1041; x_wconf 86' lang='lat' dir='ltr'><strong>et</strong></span> <span class='ocrx_word' id='word_1_84' title='bbox 1238 993 1297 1042; x_wconf 90' lang='lat' dir='ltr'><strong>doc·</strong></span> 
     </span>
     <span class='ocr_line' id='line_1_9' title="bbox 190 1073 1299 1142; baseline -0.001 -17"><span class='ocrx_word' id='word_1_85' title='bbox 190 1075 290 1125; x_wconf 87' lang='lat' dir='ltr'><strong>tissime</strong></span> <span class='ocrx_word' id='word_1_86' title='bbox 302 1077 388 1141; x_wconf 81' lang='lat' dir='ltr'><strong>Piglri,</strong></span> <span class='ocrx_word' id='word_1_87' title='bbox 403 1076 476 1142; x_wconf 81' lang='lat' dir='ltr'><strong>(talis</strong></span> <span class='ocrx_word' id='word_1_88' title='bbox 488 1091 579 1126; x_wconf 87' lang='lat' dir='ltr'><strong>revera</strong></span> <span class='ocrx_word' id='word_1_89' title='bbox 591 1075 642 1141; x_wconf 87' lang='lat' dir='ltr'><strong>es‚)</strong></span> <span class='ocrx_word' id='word_1_90' title='bbox 662 1075 721 1125; x_wconf 85' lang='lat' dir='ltr'><strong>ride</strong></span> <span class='ocrx_word' id='word_1_91' title='bbox 732 1090 766 1125; x_wconf 92' lang='lat' dir='ltr'><strong>ne</strong></span> <span class='ocrx_word' id='word_1_92' title='bbox 783 1074 844 1124; x_wconf 90' lang='lat' dir='ltr'><strong>dum</strong></span> <span class='ocrx_word' id='word_1_93' title='bbox 864 1074 970 1131; x_wconf 79' lang='lat' dir='ltr'><strong>nimium</strong></span> <span class='ocrx_word' id='word_1_94' title='bbox 990 1089 1037 1137; x_wconf 88' lang='lat' dir='ltr'><strong>pro</strong></span> <span class='ocrx_word' id='word_1_95' title='bbox 1048 1073 1129 1136; x_wconf 82' lang='lat' dir='ltr'><strong>gloria</strong></span> <span class='ocrx_word' id='word_1_96' title='bbox 1141 1073 1299 1124; x_wconf 85' lang='lat' dir='ltr'><strong>Cliveusium</strong></span> 
     </span>
     <span class='ocr_line' id='line_1_10' title="bbox 190 1155 1299 1224; baseline -0.002 -18"><span class='ocrx_word' id='word_1_97' title='bbox 190 1162 294 1207; x_wconf 86' lang='lat' dir='ltr'><strong>tuorum</strong></span> <span class='ocrx_word' id='word_1_98' title='bbox 305 1158 459 1223; x_wconf 78' lang='lat' dir='ltr'><strong>Principum</strong></span> <span class='ocrx_word' id='word_1_99' title='bbox 471 1157 527 1224; x_wconf 82' lang='lat' dir='ltr'><strong>(cui</strong></span> <span class='ocrx_word' id='word_1_100' title='bbox 546 1166 573 1209; x_wconf 89' lang='lat' dir='ltr'><strong>et</strong></span> <span class='ocrx_word' id='word_1_101' title='bbox 584 1172 630 1208; x_wconf 92' lang='lat' dir='ltr'><strong>nos</strong></span> <span class='ocrx_word' id='word_1_102' title='bbox 642 1173 683 1207; x_wconf 63' lang='lat' dir='ltr'><strong>ex,</strong></span> <span class='ocrx_word' id='word_1_103' title='bbox 694 1158 779 1207; x_wconf 86' lang='lat' dir='ltr'><strong>animo</strong></span> <span class='ocrx_word' id='word_1_104' title='bbox 798 1155 925 1216; x_wconf 82' lang='lat' dir='ltr'><strong>favemus,</strong></span> <span class='ocrx_word' id='word_1_105' title='bbox 936 1155 982 1204; x_wconf 86' lang='lat' dir='ltr'><strong>sed</strong></span> <span class='ocrx_word' id='word_1_106' title='bbox 994 1156 1065 1205; x_wconf 89' lang='lat' dir='ltr'><strong>vanis</strong></span> <span class='ocrx_word' id='word_1_107' title='bbox 1082 1170 1167 1204; x_wconf 86' lang='lat' dir='ltr'><strong>rerum</strong></span> <span class='ocrx_word' id='word_1_108' title='bbox 1179 1171 1236 1205; x_wconf 87' lang='lat' dir='ltr'><strong>earn</strong></span> <span class='ocrx_word' id='word_1_109' title='bbox 1248 1170 1299 1204; x_wconf 93' lang='lat' dir='ltr'><strong>non</strong></span> 
     </span>
     <span class='ocr_line' id='line_1_11' title="bbox 190 1236 1301 1304; baseline -0.003 -15"><span class='ocrx_word' id='word_1_110' title='bbox 190 1239 326 1304; x_wconf 78' lang='lat' dir='ltr'><strong>augemus)</strong></span> <span class='ocrx_word' id='word_1_111' title='bbox 343 1256 454 1304; x_wconf 83' lang='lat' dir='ltr'><strong>pugnas,</strong></span> <span class='ocrx_word' id='word_1_112' title='bbox 474 1242 610 1291; x_wconf 85' lang='lat' dir='ltr'><strong>veritatem</strong></span> <span class='ocrx_word' id='word_1_113' title='bbox 633 1242 737 1291; x_wconf 85' lang='lat' dir='ltr'><strong>deseras</strong></span> <span class='ocrx_word' id='word_1_114' title='bbox 746 1254 758 1288; x_wconf 71' lang='grc' dir='ltr'><strong>ε·</strong></span> <span class='ocrx_word' id='word_1_115' title='bbox 779 1254 855 1304; x_wconf 85' lang='lat' dir='ltr'><strong>quarn</strong></span> <span class='ocrx_word' id='word_1_116' title='bbox 875 1254 921 1288; x_wconf 87' lang='lat' dir='ltr'><strong>noa</strong></span> <span class='ocrx_word' id='word_1_117' title='bbox 938 1236 1056 1287; x_wconf 84' lang='lat' dir='ltr'><strong>fulcimus</strong></span> <span class='ocrx_word' id='word_1_118' title='bbox 1072 1237 1110 1285; x_wconf 88' lang='lat' dir='ltr'><strong>bis</strong></span> <span class='ocrx_word' id='word_1_119' title='bbox 1128 1237 1207 1286; x_wconf 87' lang='lat' dir='ltr'><strong>etiarn</strong></span> <span class='ocrx_word' id='word_1_120' title='bbox 1224 1252 1301 1300; x_wconf 85' lang='lat' dir='ltr'><strong>argu·</strong></span> 
     </span>
     <span class='ocr_line' id='line_1_12' title="bbox 190 1320 300 1370; baseline 0.018 -2"><span class='ocrx_word' id='word_1_121' title='bbox 190 1320 300 1370; x_wconf 86' lang='lat' dir='ltr'><strong>ruentis.</strong></span> 
     </span>
    </p>

    <p class='ocr_par' dir='ltr' id='par_1_3' title="bbox 187 1400 1305 2534">
     <span class='ocr_line' id='line_1_13' title="bbox 227 1400 1305 1467; baseline -0.002 -18"><span class='ocrx_word' id='word_1_122' title='bbox 227 1400 350 1466; x_wconf 85' lang='lat' dir='ltr'><strong>Primum,</strong></span> <span class='ocrx_word' id='word_1_123' title='bbox 360 1403 527 1467; x_wconf 83' lang='lat' dir='ltr'><strong>quaero,Ubi,</strong></span> <span class='ocrx_word' id='word_1_124' title='bbox 535 1411 581 1453; x_wconf 90' lang='lat' dir='ltr'><strong>aut</strong></span> <span class='ocrx_word' id='word_1_125' title='bbox 592 1418 608 1452; x_wconf 90' lang='lat' dir='ltr'><strong>a</strong></span> <span class='ocrx_word' id='word_1_126' title='bbox 619 1418 670 1467; x_wconf 91' lang='lat' dir='ltr'><strong>qno</strong></span> <span class='ocrx_word' id='word_1_127' title='bbox 682 1402 809 1465; x_wconf 82' lang='lat' dir='ltr'><strong>scriptore</strong></span> <span class='ocrx_word' id='word_1_128' title='bbox 821 1401 914 1451; x_wconf 90' lang='lat' dir='ltr'><strong>idoneo</strong></span> <span class='ocrx_word' id='word_1_129' title='bbox 926 1406 953 1450; x_wconf 87' lang='lat' dir='ltr'><strong>et</strong></span> <span class='ocrx_word' id='word_1_130' title='bbox 964 1400 1047 1450; x_wconf 88' lang='lat' dir='ltr'><strong>veteri</strong></span> <span class='ocrx_word' id='word_1_131' title='bbox 1058 1400 1217 1449; x_wconf 86' lang='lat' dir='ltr'><strong>nominatum</strong></span> <span class='ocrx_word' id='word_1_132' title='bbox 1229 1400 1305 1448; x_wconf 89' lang='lat' dir='ltr'><strong>istud</strong></span> 
     </span>
     <span class='ocr_line' id='line_1_14' title="bbox 189 1479 1299 1549; baseline -0.003 -18"><span class='ocrx_word' id='word_1_133' title='bbox 189 1479 319 1531; x_wconf 77' lang='lat' dir='ltr'><strong>clivium?</strong></span> <span class='ocrx_word' id='word_1_134' title='bbox 336 1482 422 1533; x_wconf 87' lang='lat' dir='ltr'><strong>adfers</strong></span> <span class='ocrx_word' id='word_1_135' title='bbox 434 1485 544 1533; x_wconf 79' lang='lat' dir='ltr'><strong>nullum.</strong></span> <span class='ocrx_word' id='word_1_136' title='bbox 560 1485 627 1534; x_wconf 86' lang='lat' dir='ltr'><strong>Nam</strong></span> <span class='ocrx_word' id='word_1_137' title='bbox 641 1482 710 1549; x_wconf 90' lang='lat' dir='ltr'><strong>quod</strong></span> <span class='ocrx_word' id='word_1_138' title='bbox 719 1482 867 1532; x_wconf 79' lang='lat' dir='ltr'><strong>Antoninus</strong></span> <span class='ocrx_word' id='word_1_139' title='bbox 877 1483 984 1532; x_wconf 87' lang='lat' dir='ltr'><strong>Clevum</strong></span> <span class='ocrx_word' id='word_1_140' title='bbox 993 1481 1115 1545; x_wconf 86' lang='lat' dir='ltr'><strong>nominat,</strong></span> <span class='ocrx_word' id='word_1_141' title='bbox 1126 1482 1151 1528; x_wconf 92' lang='lat' dir='ltr'><strong>in</strong></span> <span class='ocrx_word' id='word_1_142' title='bbox 1163 1481 1299 1530; x_wconf 81' lang='lat' dir='ltr'><strong>Britannia</strong></span> 
     </span>
     <span class='ocr_line' id='line_1_15' title="bbox 188 1564 1300 1630; baseline -0.004 -15"><span class='ocrx_word' id='word_1_143' title='bbox 188 1564 295 1619; x_wconf 83' lang='lat' dir='ltr'><strong>scilicet</strong></span> <span class='ocrx_word' id='word_1_144' title='bbox 315 1566 342 1615; x_wconf 92' lang='lat' dir='ltr'><strong>id</strong></span> <span class='ocrx_word' id='word_1_145' title='bbox 359 1567 480 1630; x_wconf 88' lang='lat' dir='ltr'><strong>ponit,in</strong></span> <span class='ocrx_word' id='word_1_146' title='bbox 492 1569 548 1617; x_wconf 65' lang='lat' dir='ltr'><strong>⁴boc</strong></span> <span class='ocrx_word' id='word_1_147' title='bbox 566 1567 647 1616; x_wconf 87' lang='lat' dir='ltr'><strong>limite</strong></span> <span class='ocrx_word' id='word_1_148' title='bbox 665 1580 799 1630; x_wconf 86' lang='lat' dir='ltr'><strong>nusquam.</strong></span> <span class='ocrx_word' id='word_1_149' title='bbox 833 1565 1003 1629; x_wconf 86' lang='lat' dir='ltr'><strong>Conjecturas</strong></span> <span class='ocrx_word' id='word_1_150' title='bbox 1023 1564 1260 1630; x_wconf 84' lang='lat' dir='ltr'><strong>aliquotrecenses‚</strong></span> <span class='ocrx_word' id='word_1_151' title='bbox 1271 1568 1300 1611; x_wconf 92' lang='lat' dir='ltr'><strong>et</strong></span> 
     </span>
     <span class='ocr_line' id='line_1_16' title="bbox 190 1644 1299 1712; baseline -0.003 -18"><span class='ocrx_word' id='word_1_152' title='bbox 190 1646 281 1696; x_wconf 85' lang='lat' dir='ltr'><strong>nescio</strong></span> <span class='ocrx_word' id='word_1_153' title='bbox 293 1647 355 1711; x_wconf 90' lang='lat' dir='ltr'><strong>quid</strong></span> <span class='ocrx_word' id='word_1_154' title='bbox 369 1662 402 1699; x_wconf 82' lang='lat' dir='ltr'><strong>ex</strong></span> <span class='ocrx_word' id='word_1_155' title='bbox 413 1648 485 1712; x_wconf 81' lang='lat' dir='ltr'><strong>vulgi</strong></span> <span class='ocrx_word' id='word_1_156' title='bbox 502 1647 572 1697; x_wconf 85' lang='lat' dir='ltr'><strong>fama</strong></span> <span class='ocrx_word' id='word_1_157' title='bbox 591 1648 625 1697; x_wconf 86' lang='lat' dir='ltr'><strong>de</strong></span> <span class='ocrx_word' id='word_1_158' title='bbox 641 1644 712 1699; x_wconf 86' lang='lat' dir='ltr'><strong>Julio</strong></span> <span class='ocrx_word' id='word_1_159' title='bbox 727 1647 847 1696; x_wconf 75' lang='lat' dir='ltr'><strong>Caesare:</strong></span> <span class='ocrx_word' id='word_1_160' title='bbox 872 1646 918 1698; x_wconf 89' lang='lat' dir='ltr'><strong>sed</strong></span> <span class='ocrx_word' id='word_1_161' title='bbox 936 1646 1053 1708; x_wconf 86' lang='lat' dir='ltr'><strong>obsecro,</strong></span> <span class='ocrx_word' id='word_1_162' title='bbox 1070 1645 1091 1694; x_wconf 88' lang='lat' dir='ltr'><strong>si</strong></span> <span class='ocrx_word' id='word_1_163' title='bbox 1104 1652 1155 1695; x_wconf 87' lang='lat' dir='ltr'><strong>tam</strong></span> <span class='ocrx_word' id='word_1_164' title='bbox 1168 1649 1299 1693; x_wconf 88' lang='lat' dir='ltr'><strong>vetustum</strong></span> 
     </span>
     <span class='ocr_line' id='line_1_17' title="bbox 189 1725 1299 1791; baseline -0.004 -14"><span class='ocrx_word' id='word_1_165' title='bbox 189 1726 241 1777; x_wconf 88' lang='lat' dir='ltr'><strong>hoc</strong></span> <span class='ocrx_word' id='word_1_166' title='bbox 252 1728 358 1791; x_wconf 88' lang='lat' dir='ltr'><strong>opidum</strong></span> <span class='ocrx_word' id='word_1_167' title='bbox 370 1730 423 1780; x_wconf 85' lang='lat' dir='ltr'><strong>sive</strong></span> <span class='ocrx_word' id='word_1_168' title='bbox 437 1737 566 1780; x_wconf 87' lang='lat' dir='ltr'><strong>castrum:</strong></span> <span class='ocrx_word' id='word_1_169' title='bbox 585 1744 670 1779; x_wconf 88' lang='lat' dir='ltr'><strong>nonne</strong></span> <span class='ocrx_word' id='word_1_170' title='bbox 685 1730 779 1779; x_wconf 90' lang='lat' dir='ltr'><strong>mirum</strong></span> <span class='ocrx_word' id='word_1_171' title='bbox 791 1729 894 1780; x_wconf 87' lang='lat' dir='ltr'><strong>silentio</strong></span> <span class='ocrx_word' id='word_1_172' title='bbox 911 1727 937 1776; x_wconf 88' lang='lat' dir='ltr'><strong>id</strong></span> <span class='ocrx_word' id='word_1_173' title='bbox 956 1728 989 1777; x_wconf 92' lang='lat' dir='ltr'><strong>ab</strong></span> <span class='ocrx_word' id='word_1_174' title='bbox 1001 1728 1118 1777; x_wconf 88' lang='lat' dir='ltr'><strong>omuibus</strong></span> <span class='ocrx_word' id='word_1_175' title='bbox 1129 1725 1237 1790; x_wconf 85' lang='lat' dir='ltr'><strong>superis,</strong></span> <span class='ocrx_word' id='word_1_176' title='bbox 1248 1739 1299 1774; x_wconf 89' lang='lat' dir='ltr'><strong>me·</strong></span> 
     </span>
     <span class='ocr_line' id='line_1_18' title="bbox 190 1805 1298 1877; baseline -0.002 -21"><span class='ocrx_word' id='word_1_177' title='bbox 190 1806 253 1869; x_wconf 85' lang='lat' dir='ltr'><strong>diis,</strong></span> <span class='ocrx_word' id='word_1_178' title='bbox 262 1809 319 1858; x_wconf 91' lang='lat' dir='ltr'><strong>imis</strong></span> <span class='ocrx_word' id='word_1_179' title='bbox 331 1809 500 1873; x_wconf 77' lang='lat' dir='ltr'><strong>scriptoribus</strong></span> <span class='ocrx_word' id='word_1_180' title='bbox 511 1811 585 1877; x_wconf 83' lang='lat' dir='ltr'><strong>qussi</strong></span> <span class='ocrx_word' id='word_1_181' title='bbox 602 1811 634 1860; x_wconf 90' lang='lat' dir='ltr'><strong>de</strong></span> <span class='ocrx_word' id='word_1_182' title='bbox 653 1816 790 1874; x_wconf 80' lang='lat' dir='ltr'><strong>conspecto</strong></span> <span class='ocrx_word' id='word_1_183' title='bbox 807 1810 987 1873; x_wconf 72' lang='lat' dir='ltr'><strong>preteritum?</strong></span> <span class='ocrx_word' id='word_1_184' title='bbox 1012 1811 1047 1858; x_wconf 88' lang='lat' dir='ltr'><strong>Et</strong></span> <span class='ocrx_word' id='word_1_185' title='bbox 1061 1807 1166 1871; x_wconf 86' lang='lat' dir='ltr'><strong>ferrern,</strong></span> <span class='ocrx_word' id='word_1_186' title='bbox 1177 1807 1199 1856; x_wconf 90' lang='lat' dir='ltr'><strong>si</strong></span> <span class='ocrx_word' id='word_1_187' title='bbox 1215 1806 1241 1855; x_wconf 92' lang='lat' dir='ltr'><strong>iu</strong></span> <span class='ocrx_word' id='word_1_188' title='bbox 1253 1805 1298 1854; x_wconf 84' lang='lat' dir='ltr'><strong>vili</strong></span> 
     </span>
     <span class='ocr_line' id='line_1_19' title="bbox 189 1887 1299 1956; baseline -0.003 -19"><span class='ocrx_word' id='word_1_189' title='bbox 189 1888 267 1943; x_wconf 83' lang='lat' dir='ltr'><strong>loeo:</strong></span> <span class='ocrx_word' id='word_1_190' title='bbox 287 1890 333 1941; x_wconf 81' lang='lat' dir='ltr'><strong>aad</strong></span> <span class='ocrx_word' id='word_1_191' title='bbox 346 1891 438 1943; x_wconf 84' lang='lat' dir='ltr'><strong>urbem</strong></span> <span class='ocrx_word' id='word_1_192' title='bbox 450 1892 586 1943; x_wconf 83' lang='lat' dir='ltr'><strong>Maenianis</strong></span> <span class='ocrx_word' id='word_1_193' title='bbox 606 1893 662 1943; x_wconf 84' lang='lat' dir='ltr'><strong>istis</strong></span> <span class='ocrx_word' id='word_1_194' title='bbox 680 1892 820 1956; x_wconf 77' lang='lat' dir='ltr'><strong>celebrem,</strong></span> <span class='ocrx_word' id='word_1_195' title='bbox 835 1892 966 1942; x_wconf 86' lang='lat' dir='ltr'><strong>Coloniam</strong></span> <span class='ocrx_word' id='word_1_196' title='bbox 984 1891 1071 1955; x_wconf 90' lang='lat' dir='ltr'><strong>populi</strong></span> <span class='ocrx_word' id='word_1_197' title='bbox 1083 1891 1157 1940; x_wconf 89' lang='lat' dir='ltr'><strong>Rom.</strong></span> <span class='ocrx_word' id='word_1_198' title='bbox 1168 1888 1239 1955; x_wconf 91' lang='lat' dir='ltr'><strong>(nam</strong></span> <span class='ocrx_word' id='word_1_199' title='bbox 1250 1887 1299 1941; x_wconf 88' lang='lat' dir='ltr'><strong>boc</strong></span> 
     </span>
     <span class='ocr_line' id='line_1_20' title="bbox 191 1970 1298 2041; baseline -0.001 -19"><span class='ocrx_word' id='word_1_200' title='bbox 191 1986 295 2037; x_wconf 80' lang='lat' dir='ltr'><strong>qaoque</strong></span> <span class='ocrx_word' id='word_1_201' title='bbox 306 1975 448 2029; x_wconf 78' lang='lat' dir='ltr'><strong>Eumenius</strong></span> <span class='ocrx_word' id='word_1_202' title='bbox 460 1973 553 2041; x_wconf 84' lang='lat' dir='ltr'><strong>tradit)</strong></span> <span class='ocrx_word' id='word_1_203' title='bbox 563 1976 670 2026; x_wconf 85' lang='lat' dir='ltr'><strong>verbulo</strong></span> <span class='ocrx_word' id='word_1_204' title='bbox 681 1989 807 2040; x_wconf 83' lang='lat' dir='ltr'><strong>nusquam</strong></span> <span class='ocrx_word' id='word_1_205' title='bbox 825 1970 965 2038; x_wconf 80' lang='lat' dir='ltr'><strong>nominari,</strong></span> <span class='ocrx_word' id='word_1_206' title='bbox 977 1989 1036 2039; x_wconf 77' lang='lat' dir='ltr'><strong>quan</strong></span> <span class='ocrx_word' id='word_1_207' title='bbox 1047 1973 1147 2022; x_wconf 81' lang='lat' dir='ltr'><strong>incuria</strong></span> <span class='ocrx_word' id='word_1_208' title='bbox 1157 1972 1199 2020; x_wconf 84' lang='lat' dir='ltr'><strong>vel</strong></span> <span class='ocrx_word' id='word_1_209' title='bbox 1210 1970 1298 2034; x_wconf 81' lang='lat' dir='ltr'><strong>potina</strong></span> 
     </span>
     <span class='ocr_line' id='line_1_21' title="bbox 191 2051 375 2117; baseline 0.022 -15"><span class='ocrx_word' id='word_1_210' title='bbox 191 2051 291 2117; x_wconf 75' lang='lat' dir='ltr'><strong>injuria</strong></span> <span class='ocrx_word' id='word_1_211' title='bbox 302 2054 361 2106; x_wconf 75' lang='lat' dir='ltr'><strong>esti</strong></span> <span class='ocrx_word' id='word_1_212' title='bbox 371 2068 375 2077; x_wconf 68' lang='lat'><strong>¹</strong></span> 
     </span>
     <span class='ocr_line' id='line_1_22' title="bbox 203 2135 1301 2209; baseline -0.002 -25"><span class='ocrx_word' id='word_1_213' title='bbox 203 2174 208 2185; x_wconf 90' lang='grc'><em>,</em></span> <span class='ocrx_word' id='word_1_214' title='bbox 225 2137 338 2188; x_wconf 83' lang='lat' dir='ltr'><strong>Deinde.</strong></span> <span class='ocrx_word' id='word_1_215' title='bbox 354 2139 466 2189; x_wconf 85' lang='lat' dir='ltr'><strong>Clivium</strong></span> <span class='ocrx_word' id='word_1_216' title='bbox 478 2145 550 2189; x_wconf 80' lang='lat' dir='ltr'><strong>muru</strong></span> <span class='ocrx_word' id='word_1_217' title='bbox 562 2139 588 2187; x_wconf 92' lang='lat' dir='ltr'><strong>in</strong></span> <span class='ocrx_word' id='word_1_218' title='bbox 605 2139 689 2188; x_wconf 83' lang='lat' dir='ltr'><strong>Rheni</strong></span> <span class='ocrx_word' id='word_1_219' title='bbox 707 2139 790 2189; x_wconf 87' lang='lat' dir='ltr'><strong>limite</strong></span> <span class='ocrx_word' id='word_1_220' title='bbox 801 2139 885 2209; x_wconf 80' lang='lat' dir='ltr'><strong>situm</strong></span> <span class='ocrx_word' id='word_1_221' title='bbox 897 2142 948 2200; x_wconf 88' lang='lat' dir='ltr'><strong>est,</strong></span> <span class='ocrx_word' id='word_1_222' title='bbox 959 2138 985 2186; x_wconf 91' lang='lat' dir='ltr'><strong>in</strong></span> <span class='ocrx_word' id='word_1_223' title='bbox 997 2137 1108 2187; x_wconf 80' lang='lat' dir='ltr'><strong>confinio</strong></span> <span class='ocrx_word' id='word_1_224' title='bbox 1120 2141 1161 2188; x_wconf 89' lang='lat' dir='ltr'><strong>tot</strong></span> <span class='ocrx_word' id='word_1_225' title='bbox 1173 2135 1301 2184; x_wconf 85' lang='lat' dir='ltr'><strong>Barbaro-</strong></span> 
     </span>
     <span class='ocr_line' id='line_1_23' title="bbox 190 2217 1299 2284; baseline 0.001 -18"><span class='ocrx_word' id='word_1_226' title='bbox 190 2230 258 2267; x_wconf 85' lang='lat' dir='ltr'><strong>rum.</strong></span> <span class='ocrx_word' id='word_1_227' title='bbox 276 2219 339 2273; x_wconf 80' lang='lat' dir='ltr'><strong>Quis</strong></span> <span class='ocrx_word' id='word_1_228' title='bbox 350 2222 403 2270; x_wconf 85' lang='lat' dir='ltr'><strong>acri</strong></span> <span class='ocrx_word' id='word_1_229' title='bbox 415 2227 525 2284; x_wconf 84' lang='lat' dir='ltr'><strong>pectore</strong></span> <span class='ocrx_word' id='word_1_230' title='bbox 538 2221 586 2271; x_wconf 88' lang='lat' dir='ltr'><strong>tibi</strong></span> <span class='ocrx_word' id='word_1_231' title='bbox 595 2220 807 2284; x_wconf 86' lang='lat' dir='ltr'><strong>dabit,Seholam</strong></span> <span class='ocrx_word' id='word_1_232' title='bbox 818 2221 964 2270; x_wconf 87' lang='lat' dir='ltr'><strong>institutam</strong></span> <span class='ocrx_word' id='word_1_233' title='bbox 974 2220 1002 2269; x_wconf 66' lang='lat' dir='ltr'><strong>,in</strong></span> <span class='ocrx_word' id='word_1_234' title='bbox 1014 2218 1119 2269; x_wconf 87' lang='lat' dir='ltr'><strong>officina</strong></span> <span class='ocrx_word' id='word_1_235' title='bbox 1129 2219 1174 2269; x_wconf 87' lang='lat' dir='ltr'><strong>illa</strong></span> <span class='ocrx_word' id='word_1_236' title='bbox 1185 2217 1299 2266; x_wconf 76' lang='lat' dir='ltr'><strong>Martis?</strong></span> 
     </span>
     <span class='ocr_line' id='line_1_24' title="bbox 204 2299 1299 2377; baseline 0.001 -29"><span class='ocrx_word' id='word_1_237' title='bbox 204 2336 208 2343; x_wconf 87' lang='lat'><strong>.</strong></span> <span class='ocrx_word' id='word_1_238' title='bbox 223 2300 322 2352; x_wconf 82' lang='lat' dir='ltr'><strong>Tertio.</strong></span> <span class='ocrx_word' id='word_1_239' title='bbox 341 2303 439 2366; x_wconf 77' lang='lat' dir='ltr'><strong>Magna</strong></span> <span class='ocrx_word' id='word_1_240' title='bbox 449 2310 477 2353; x_wconf 88' lang='lat' dir='ltr'><strong>et</strong></span> <span class='ocrx_word' id='word_1_241' title='bbox 495 2305 582 2368; x_wconf 86' lang='lat' dir='ltr'><strong>ampla</strong></span> <span class='ocrx_word' id='word_1_242' title='bbox 597 2319 629 2355; x_wconf 90' lang='lat' dir='ltr'><strong>ea</strong></span> <span class='ocrx_word' id='word_1_243' title='bbox 645 2305 706 2354; x_wconf 92' lang='lat' dir='ltr'><strong>urbs</strong></span> <span class='ocrx_word' id='word_1_244' title='bbox 719 2303 777 2369; x_wconf 89' lang='lat' dir='ltr'><strong>fnit,</strong></span> <span class='ocrx_word' id='word_1_245' title='bbox 787 2304 821 2353; x_wconf 88' lang='lat' dir='ltr'><strong>de</strong></span> <span class='ocrx_word' id='word_1_246' title='bbox 832 2320 884 2369; x_wconf 92' lang='lat' dir='ltr'><strong>qna</strong></span> <span class='ocrx_word' id='word_1_247' title='bbox 895 2303 1035 2353; x_wconf 86' lang='lat' dir='ltr'><strong>Eumenius</strong></span> <span class='ocrx_word' id='word_1_248' title='bbox 1046 2304 1115 2377; x_wconf 73' lang='lat' dir='ltr'><strong>agit:</strong></span> <span class='ocrx_word' id='word_1_249' title='bbox 1133 2302 1231 2365; x_wconf 88' lang='lat' dir='ltr'><strong>templa</strong></span> <span class='ocrx_word' id='word_1_250' title='bbox 1244 2299 1299 2363; x_wconf 86' lang='lat' dir='ltr'><strong>pul·</strong></span> 
     </span>
     <span class='ocr_line' id='line_1_25' title="bbox 187 2379 1297 2453; baseline 0 -22"><span class='ocrx_word' id='word_1_251' title='bbox 187 2379 319 2433; x_wconf 77' lang='lat' dir='ltr'><strong>cherrima</strong></span> <span class='ocrx_word' id='word_1_252' title='bbox 329 2382 436 2434; x_wconf 87' lang='lat' dir='ltr'><strong>babuit:</strong></span> <span class='ocrx_word' id='word_1_253' title='bbox 454 2386 621 2449; x_wconf 85' lang='lat' dir='ltr'><strong>Capitolium,</strong></span> <span class='ocrx_word' id='word_1_254' title='bbox 631 2394 660 2450; x_wconf 76' lang='lat' dir='ltr'><strong>et</strong></span> <span class='ocrx_word' id='word_1_255' title='bbox 667 2386 854 2453; x_wconf 80' lang='lat' dir='ltr'><strong>Aanednctus,</strong></span> <span class='ocrx_word' id='word_1_256' title='bbox 864 2393 892 2436; x_wconf 86' lang='lat' dir='ltr'><strong>et</strong></span> <span class='ocrx_word' id='word_1_257' title='bbox 899 2386 983 2436; x_wconf 87' lang='lat' dir='ltr'><strong>omnia</strong></span> <span class='ocrx_word' id='word_1_258' title='bbox 992 2401 1062 2435; x_wconf 88' lang='lat' dir='ltr'><strong>more</strong></span> <span class='ocrx_word' id='word_1_259' title='bbox 1072 2386 1198 2434; x_wconf 87' lang='lat' dir='ltr'><strong>Romano.</strong></span> <span class='ocrx_word' id='word_1_260' title='bbox 1217 2383 1297 2443; x_wconf 86' lang='lat' dir='ltr'><strong>Cedo,</strong></span> 
     </span>
     <span class='ocr_line' id='line_1_26' title="bbox 189 2462 1298 2534; baseline 0.003 -21"><span class='ocrx_word' id='word_1_261' title='bbox 189 2462 235 2513; x_wconf 83' lang='lat' dir='ltr'><strong>ubi</strong></span> <span class='ocrx_word' id='word_1_262' title='bbox 255 2464 325 2529; x_wconf 83' lang='lat' dir='ltr'><strong>apud</strong></span> <span class='ocrx_word' id='word_1_263' title='bbox 339 2481 385 2516; x_wconf 79' lang='lat' dir='ltr'><strong>uns</strong></span> <span class='ocrx_word' id='word_1_264' title='bbox 403 2467 461 2518; x_wconf 78' lang='lat' dir='ltr'><strong>lraec</strong></span> <span class='ocrx_word' id='word_1_265' title='bbox 479 2467 606 2531; x_wconf 82' lang='lat' dir='ltr'><strong>vestigia?</strong></span> <span class='ocrx_word' id='word_1_266' title='bbox 629 2468 780 2534; x_wconf 82' lang='lat' dir='ltr'><strong>Suspicione</strong></span> <span class='ocrx_word' id='word_1_267' title='bbox 797 2468 848 2519; x_wconf 86' lang='lat' dir='ltr'><strong>levi</strong></span> <span class='ocrx_word' id='word_1_268' title='bbox 867 2483 899 2518; x_wconf 88' lang='lat' dir='ltr'><strong>ea</strong></span> <span class='ocrx_word' id='word_1_269' title='bbox 915 2468 1026 2534; x_wconf 84' lang='lat' dir='ltr'><strong>qnaeris:</strong></span> <span class='ocrx_word' id='word_1_270' title='bbox 1043 2467 1089 2517; x_wconf 88' lang='lat' dir='ltr'><strong>sed</strong></span> <span class='ocrx_word' id='word_1_271' title='bbox 1102 2484 1130 2518; x_wconf 90' lang='lat' dir='ltr'><strong>re</strong></span> <span class='ocrx_word' id='word_1_272' title='bbox 1141 2478 1168 2517; x_wconf 90' lang='lat' dir='ltr'><strong>et</strong></span> <span class='ocrx_word' id='word_1_273' title='bbox 1185 2466 1298 2517; x_wconf 85' lang='lat' dir='ltr'><strong>veritate</strong></span> 
     </span>
    </p>
   </div>
   <div class='ocr_carea' id='block_1_3' title="bbox 151 2538 1322 2862">
    <p class='ocr_par' dir='ltr' id='par_1_4' title="bbox 151 2538 1322 2862">
     <span class='ocr_line' id='line_1_27' title="bbox 151 2538 1300 2616; baseline 0.003 -22"><span class='ocrx_word' id='word_1_274' title='bbox 151 2538 154 2552; x_wconf 69' lang='lat'><strong>⁴</strong></span> <span class='ocrx_word' id='word_1_275' title='bbox 189 2547 306 2609; x_wconf 82' lang='lat' dir='ltr'><strong>reperies</strong></span> <span class='ocrx_word' id='word_1_276' title='bbox 322 2547 515 2612; x_wconf 74' lang='lat' dir='ltr'><strong>Augustuduni.</strong></span> <span class='ocrx_word' id='word_1_277' title='bbox 548 2551 610 2615; x_wconf 88' lang='lat' dir='ltr'><strong>Ejus</strong></span> <span class='ocrx_word' id='word_1_278' title='bbox 629 2553 734 2602; x_wconf 87' lang='lat' dir='ltr'><strong>‘muros</strong></span> <span class='ocrx_word' id='word_1_279' title='bbox 751 2541 860 2616; x_wconf 79' lang='lat' dir='ltr'><strong>spatiosi</strong></span> <span class='ocrx_word' id='word_1_280' title='bbox 878 2551 997 2601; x_wconf 88' lang='lat' dir='ltr'><strong>ambitus&#39;</strong></span> <span class='ocrx_word' id='word_1_281' title='bbox 1015 2551 1077 2600; x_wconf 89' lang='lat' dir='ltr'><strong>alibi</strong></span> <span class='ocrx_word' id='word_1_282' title='bbox 1089 2550 1239 2600; x_wconf 83' lang='lat' dir='ltr'><strong>Ammianus</strong></span> <span class='ocrx_word' id='word_1_283' title='bbox 1255 2564 1300 2611; x_wconf 88' lang='lat' dir='ltr'><strong>ap·</strong></span> 
     </span>
     <span class='ocr_line' id='line_1_28' title="bbox 190 2630 1298 2698; baseline 0 -18"><span class='ocrx_word' id='word_1_284' title='bbox 190 2630 291 2693; x_wconf 87' lang='lat' dir='ltr'><strong>pellat:</strong></span> <span class='ocrx_word' id='word_1_285' title='bbox 318 2630 465 2690; x_wconf 69' lang='lat' dir='ltr'><strong>‘munium&#39;</strong></span> <span class='ocrx_word' id='word_1_286' title='bbox 479 2631 662 2698; x_wconf 80' lang='lat' dir='ltr'><strong>Augustuduni</strong></span> <span class='ocrx_word' id='word_1_287' title='bbox 678 2633 882 2698; x_wconf 82' lang='lat' dir='ltr'><strong>magnitudinem</strong></span> <span class='ocrx_word' id='word_1_288' title='bbox 904 2631 1051 2694; x_wconf 82' lang='lat' dir='ltr'><strong>vetustam,’</strong></span> <span class='ocrx_word' id='word_1_289' title='bbox 1069 2632 1148 2682; x_wconf 85' lang='lat' dir='ltr'><strong>alibi:</strong></span> <span class='ocrx_word' id='word_1_290' title='bbox 1179 2639 1206 2681; x_wconf 87' lang='lat' dir='ltr'><strong>et</strong></span> <span class='ocrx_word' id='word_1_291' title='bbox 1228 2631 1298 2681; x_wconf 89' lang='lat' dir='ltr'><strong>clara</strong></span> 
     </span>
     <span class='ocr_line' id='line_1_29' title="bbox 187 2712 1322 2780; baseline 0.001 -19"><span class='ocrx_word' id='word_1_292' title='bbox 187 2712 288 2762; x_wconf 85' lang='lat' dir='ltr'><strong>indicia</strong></span> <span class='ocrx_word' id='word_1_293' title='bbox 299 2713 376 2762; x_wconf 86' lang='lat' dir='ltr'><strong>etiam</strong></span> <span class='ocrx_word' id='word_1_294' title='bbox 389 2729 459 2764; x_wconf 88' lang='lat' dir='ltr'><strong>nunc</strong></span> <span class='ocrx_word' id='word_1_295' title='bbox 470 2721 585 2780; x_wconf 86' lang='lat' dir='ltr'><strong>exstant,</strong></span> <span class='ocrx_word' id='word_1_296' title='bbox 591 2716 679 2767; x_wconf 89' lang='lat' dir='ltr'><strong>indice</strong></span> <span class='ocrx_word' id='word_1_297' title='bbox 690 2722 719 2765; x_wconf 88' lang='lat' dir='ltr'><strong>et</strong></span> <span class='ocrx_word' id='word_1_298' title='bbox 729 2721 798 2765; x_wconf 85' lang='lat' dir='ltr'><strong>testa</strong></span> <span class='ocrx_word' id='word_1_299' title='bbox 809 2717 889 2765; x_wconf 87' lang='lat' dir='ltr'><strong>Petro</strong></span> <span class='ocrx_word' id='word_1_300' title='bbox 900 2714 1077 2766; x_wconf 84' lang='lat' dir='ltr'><strong>San-Juliauo.</strong></span> <span class='ocrx_word' id='word_1_301' title='bbox 1281 2768 1285 2778; x_wconf 81' lang='lat'><strong>.</strong></span> <span class='ocrx_word' id='word_1_302' title='bbox 1320 2715 1322 2718; x_wconf 82' lang='grc'><strong>’</strong></span> 
     </span>
     <span class='ocr_line' id='line_1_30' title="bbox 203 2794 1299 2862; baseline -0.004 -15"><span class='ocrx_word' id='word_1_303' title='bbox 203 2794 333 2847; x_wconf 59' lang='lat' dir='ltr'><strong>Quarto.</strong></span> <span class='ocrx_word' id='word_1_304' title='bbox 349 2796 446 2847; x_wconf 84' lang='lat' dir='ltr'><strong>Scribit</strong></span> <span class='ocrx_word' id='word_1_305' title='bbox 467 2798 616 2862; x_wconf 84' lang='lat' dir='ltr'><strong>Eumenius,</strong></span> <span class='ocrx_word' id='word_1_306' title='bbox 636 2798 758 2848; x_wconf 79' lang='lat' dir='ltr'><strong>civitatem</strong></span> <span class='ocrx_word' id='word_1_307' title='bbox 774 2800 846 2848; x_wconf 61' lang='lat' dir='ltr'><strong>maus</strong></span> <span class='ocrx_word' id='word_1_308' title='bbox 863 2803 888 2846; x_wconf 84' lang='lat' dir='ltr'><strong>et</strong></span> <span class='ocrx_word' id='word_1_309' title='bbox 903 2799 958 2846; x_wconf 78' lang='lat' dir='ltr'><strong>olim</strong></span> <span class='ocrx_word' id='word_1_310' title='bbox 968 2796 1082 2857; x_wconf 75' lang='lat' dir='ltr'><strong>fratem</strong></span> <span class='ocrx_word' id='word_1_311' title='bbox 1099 2795 1178 2860; x_wconf 81' lang='lat' dir='ltr'><strong>populi</strong></span> <span class='ocrx_word' id='word_1_312' title='bbox 1196 2795 1299 2844; x_wconf 75' lang='lat' dir='ltr'><strong>Romaiu</strong></span> 
     </span>
    </p>
   </div>
   <div class='ocr_carea' id='block_1_4' title="bbox 112 2876 1312 4334">
    <p class='ocr_par' dir='ltr' id='par_1_5' title="bbox 112 2876 1300 3514">
     <span class='ocr_line' id='line_1_31' title="bbox 188 2876 1298 2940; baseline 0 -14"><span class='ocrx_word' id='word_1_313' title='bbox 188 2877 430 2940; x_wconf 64' lang='lat' dir='ltr'><strong>mutugennensem.</strong></span> <span class='ocrx_word' id='word_1_314' title='bbox 465 2881 558 2930; x_wconf 88' lang='lat' dir='ltr'><strong>Nonne</strong></span> <span class='ocrx_word' id='word_1_315' title='bbox 570 2881 729 2931; x_wconf 85' lang='lat' dir='ltr'><strong>verissimum</strong></span> <span class='ocrx_word' id='word_1_316' title='bbox 746 2886 774 2931; x_wconf 87' lang='lat' dir='ltr'><strong>et</strong></span> <span class='ocrx_word' id='word_1_317' title='bbox 796 2880 991 2931; x_wconf 84' lang='lat' dir='ltr'><strong>testatissimnm</strong></span> <span class='ocrx_word' id='word_1_318' title='bbox 1010 2878 1075 2929; x_wconf 89' lang='lat' dir='ltr'><strong>iilud</strong></span> <span class='ocrx_word' id='word_1_319' title='bbox 1092 2879 1120 2928; x_wconf 92' lang='lat' dir='ltr'><strong>in</strong></span> <span class='ocrx_word' id='word_1_320' title='bbox 1136 2876 1243 2928; x_wconf 82' lang='lat' dir='ltr'><strong>AEduisi</strong></span> <span class='ocrx_word' id='word_1_321' title='bbox 1264 2876 1298 2928; x_wconf 90' lang='lat' dir='ltr'><strong>de</strong></span> 
     </span>
     <span class='ocr_line' id='line_1_32' title="bbox 178 2948 1298 3028; baseline -0.001 -21"><span class='ocrx_word' id='word_1_322' title='bbox 178 2957 277 3010; x_wconf 70' lang='lat' dir='ltr'><strong>clivio</strong></span> <span class='ocrx_word' id='word_1_323' title='bbox 288 2960 334 3009; x_wconf 88' lang='lat' dir='ltr'><strong>ubi</strong></span> <span class='ocrx_word' id='word_1_324' title='bbox 347 2961 400 3010; x_wconf 90' lang='lat' dir='ltr'><strong>tale</strong></span> <span class='ocrx_word' id='word_1_325' title='bbox 412 2960 550 3026; x_wconf 81' lang='lat' dir='ltr'><strong>repperis?</strong></span> <span class='ocrx_word' id='word_1_326' title='bbox 565 2948 719 3026; x_wconf 76' lang='lat' dir='ltr'><strong>Perfugium</strong></span> <span class='ocrx_word' id='word_1_327' title='bbox 730 2962 826 3028; x_wconf 75' lang='lat' dir='ltr'><strong>qnaeris</strong></span> <span class='ocrx_word' id='word_1_328' title='bbox 836 2961 862 3011; x_wconf 91' lang='lat' dir='ltr'><strong>in</strong></span> <span class='ocrx_word' id='word_1_329' title='bbox 873 2960 997 3011; x_wconf 81' lang='lat' dir='ltr'><strong>Batavis:</strong></span> <span class='ocrx_word' id='word_1_330' title='bbox 1015 2968 1043 3012; x_wconf 83' lang='lat' dir='ltr'><strong>et</strong></span> <span class='ocrx_word' id='word_1_331' title='bbox 1054 2960 1092 3009; x_wconf 91' lang='lat' dir='ltr'><strong>illi</strong></span> <span class='ocrx_word' id='word_1_332' title='bbox 1103 2960 1191 3020; x_wconf 86' lang='lat' dir='ltr'><strong>etiarn,</strong></span> <span class='ocrx_word' id='word_1_333' title='bbox 1203 2958 1298 3023; x_wconf 80' lang='lat' dir='ltr'><strong>inquis,</strong></span> 
     </span>
     <span class='ocr_line' id='line_1_33' title="bbox 187 3039 1298 3109; baseline 0.001 -21"><span class='ocrx_word' id='word_1_334' title='bbox 187 3039 316 3102; x_wconf 81' lang='lat' dir='ltr'><strong>appellati</strong></span> <span class='ocrx_word' id='word_1_335' title='bbox 326 3039 422 3092; x_wconf 85' lang='lat' dir='ltr'><strong>fratres</strong></span> <span class='ocrx_word' id='word_1_336' title='bbox 435 3051 463 3096; x_wconf 86' lang='lat' dir='ltr'><strong>et</strong></span> <span class='ocrx_word' id='word_1_337' title='bbox 475 3043 551 3094; x_wconf 81' lang='lat' dir='ltr'><strong>arniei</strong></span> <span class='ocrx_word' id='word_1_338' title='bbox 562 3046 652 3109; x_wconf 86' lang='lat' dir='ltr'><strong>popuii</strong></span> <span class='ocrx_word' id='word_1_339' title='bbox 664 3045 784 3098; x_wconf 78' lang='lat' dir='ltr'><strong>Romani.</strong></span> <span class='ocrx_word' id='word_1_340' title='bbox 800 3044 859 3095; x_wconf 84' lang='lat' dir='ltr'><strong>Scio</strong></span> <span class='ocrx_word' id='word_1_341' title='bbox 871 3054 898 3094; x_wconf 89' lang='lat' dir='ltr'><strong>et</strong></span> <span class='ocrx_word' id='word_1_342' title='bbox 910 3042 1107 3094; x_wconf 85' lang='lat' dir='ltr'><strong>Commentariis</strong></span> <span class='ocrx_word' id='word_1_343' title='bbox 1117 3041 1179 3094; x_wconf 84' lang='lat' dir='ltr'><strong>meis</strong></span> <span class='ocrx_word' id='word_1_344' title='bbox 1187 3039 1298 3104; x_wconf 73' lang='lat' dir='ltr'><strong>J&#39;ampri·</strong></span> 
     </span>
     <span class='ocr_line' id='line_1_34' title="bbox 187 3115 1298 3192; baseline 0.004 -24"><span class='ocrx_word' id='word_1_345' title='bbox 187 3119 370 3171; x_wconf 78' lang='lat' dir='ltr'><strong>deminuerui:</strong></span> <span class='ocrx_word' id='word_1_346' title='bbox 394 3123 441 3173; x_wconf 88' lang='lat' dir='ltr'><strong>sed</strong></span> <span class='ocrx_word' id='word_1_347' title='bbox 456 3125 506 3175; x_wconf 88' lang='lat' dir='ltr'><strong>boc</strong></span> <span class='ocrx_word' id='word_1_348' title='bbox 515 3140 619 3191; x_wconf 85' lang='lat' dir='ltr'><strong>quoque</strong></span> <span class='ocrx_word' id='word_1_349' title='bbox 629 3127 692 3189; x_wconf 89' lang='lat' dir='ltr'><strong>scio,</strong></span> <span class='ocrx_word' id='word_1_350' title='bbox 708 3119 775 3192; x_wconf 81' lang='lat' dir='ltr'><strong>quod</strong></span> <span class='ocrx_word' id='word_1_351' title='bbox 786 3141 839 3177; x_wconf 90' lang='lat' dir='ltr'><strong>uon</strong></span> <span class='ocrx_word' id='word_1_352' title='bbox 850 3128 938 3191; x_wconf 85' lang='lat' dir='ltr'><strong>vulgo,</strong></span> <span class='ocrx_word' id='word_1_353' title='bbox 955 3131 983 3175; x_wconf 88' lang='lat' dir='ltr'><strong>et</strong></span> <span class='ocrx_word' id='word_1_354' title='bbox 994 3125 1016 3174; x_wconf 89' lang='lat' dir='ltr'><strong>si</strong></span> <span class='ocrx_word' id='word_1_355' title='bbox 1027 3115 1131 3186; x_wconf 72' lang='lat' dir='ltr'><strong>Bataui,</strong></span> <span class='ocrx_word' id='word_1_356' title='bbox 1147 3139 1198 3174; x_wconf 89' lang='lat' dir='ltr'><strong>nou</strong></span> <span class='ocrx_word' id='word_1_357' title='bbox 1210 3130 1298 3173; x_wconf 84' lang='lat' dir='ltr'><strong>tamen</strong></span> 
     </span>
     <span class='ocr_line' id='line_1_35' title="bbox 187 3199 1298 3273; baseline 0.006 -24"><span class='ocrx_word' id='word_1_358' title='bbox 187 3199 250 3250; x_wconf 85' lang='lat' dir='ltr'><strong>ideo</strong></span> <span class='ocrx_word' id='word_1_359' title='bbox 262 3202 340 3256; x_wconf 80' lang='lat' dir='ltr'><strong>uicini</strong></span> <span class='ocrx_word' id='word_1_360' title='bbox 353 3205 430 3258; x_wconf 82' lang='lat' dir='ltr'><strong>Galli.</strong></span> <span class='ocrx_word' id='word_1_361' title='bbox 464 3206 526 3257; x_wconf 89' lang='lat' dir='ltr'><strong>Alia</strong></span> <span class='ocrx_word' id='word_1_362' title='bbox 543 3207 644 3258; x_wconf 91' lang='lat' dir='ltr'><strong>illorum</strong></span> <span class='ocrx_word' id='word_1_363' title='bbox 663 3223 755 3259; x_wconf 84' lang='lat' dir='ltr'><strong>caussa</strong></span> <span class='ocrx_word' id='word_1_364' title='bbox 773 3216 822 3272; x_wconf 87' lang='lat' dir='ltr'><strong>est,</strong></span> <span class='ocrx_word' id='word_1_365' title='bbox 839 3207 883 3273; x_wconf 92' lang='lat' dir='ltr'><strong>qni</strong></span> <span class='ocrx_word' id='word_1_366' title='bbox 901 3206 1058 3257; x_wconf 86' lang='lat' dir='ltr'><strong>tributorum</strong></span> <span class='ocrx_word' id='word_1_367' title='bbox 1077 3206 1212 3268; x_wconf 82' lang='lat' dir='ltr'><strong>immunes,</strong></span> <span class='ocrx_word' id='word_1_368' title='bbox 1224 3204 1298 3256; x_wconf 55' lang='lat' dir='ltr'><strong>semi*</strong></span> 
     </span>
     <span class='ocr_line' id='line_1_36' title="bbox 186 3281 1297 3354; baseline 0.001 -22"><span class='ocrx_word' id='word_1_369' title='bbox 186 3281 357 3346; x_wconf 65' lang='lat' dir='ltr'><strong>luctuosus</strong></span> <span class='ocrx_word' id='word_1_370' title='bbox 377 3282 478 3337; x_wconf 83' lang='lat' dir='ltr'><strong>tantum</strong></span> <span class='ocrx_word' id='word_1_371' title='bbox 494 3294 522 3338; x_wconf 91' lang='lat' dir='ltr'><strong>et</strong></span> <span class='ocrx_word' id='word_1_372' title='bbox 544 3288 613 3338; x_wconf 86' lang='lat' dir='ltr'><strong>viros</strong></span> <span class='ocrx_word' id='word_1_373' title='bbox 631 3290 741 3353; x_wconf 86' lang='lat' dir='ltr'><strong>imperio</strong></span> <span class='ocrx_word' id='word_1_374' title='bbox 753 3289 963 3354; x_wconf 83' lang='lat' dir='ltr'><strong>suppeditabant.</strong></span> <span class='ocrx_word' id='word_1_375' title='bbox 997 3286 1090 3351; x_wconf 85' lang='lat' dir='ltr'><strong>ltaque</strong></span> <span class='ocrx_word' id='word_1_376' title='bbox 1100 3287 1161 3350; x_wconf 82' lang='lat' dir='ltr'><strong>jure</strong></span> <span class='ocrx_word' id='word_1_377' title='bbox 1173 3286 1257 3335; x_wconf 87' lang='lat' dir='ltr'><strong>socios</strong></span> <span class='ocrx_word' id='word_1_378' title='bbox 1268 3299 1297 3334; x_wconf 85' lang='lat' dir='ltr'><strong>se</strong></span> 
     </span>
     <span class='ocr_line' id='line_1_37' title="bbox 112 3360 1300 3438; baseline 0.003 -25"><span class='ocrx_word' id='word_1_379' title='bbox 112 3360 115 3366; x_wconf 85' lang='grc'><strong>’</strong></span> <span class='ocrx_word' id='word_1_380' title='bbox 187 3363 322 3428; x_wconf 79' lang='lat' dir='ltr'><strong>dixeram,</strong></span> <span class='ocrx_word' id='word_1_381' title='bbox 334 3365 437 3432; x_wconf 85' lang='lat' dir='ltr'><strong>fratres,</strong></span> <span class='ocrx_word' id='word_1_382' title='bbox 447 3369 553 3420; x_wconf 85' lang='lat' dir='ltr'><strong>amieos.</strong></span> <span class='ocrx_word' id='word_1_383' title='bbox 587 3371 619 3438; x_wconf 87' lang='lat' dir='ltr'><strong>In</strong></span> <span class='ocrx_word' id='word_1_384' title='bbox 632 3372 705 3421; x_wconf 86' lang='lat' dir='ltr'><strong>vobis</strong></span> <span class='ocrx_word' id='word_1_385' title='bbox 718 3371 782 3436; x_wconf 91' lang='lat' dir='ltr'><strong>quid</strong></span> <span class='ocrx_word' id='word_1_386' title='bbox 792 3370 891 3421; x_wconf 87' lang='lat' dir='ltr'><strong>simile?</strong></span> <span class='ocrx_word' id='word_1_387' title='bbox 907 3371 951 3436; x_wconf 91' lang='lat' dir='ltr'><strong>qni</strong></span> <span class='ocrx_word' id='word_1_388' title='bbox 962 3369 1018 3421; x_wconf 86' lang='lat' dir='ltr'><strong>veri</strong></span> <span class='ocrx_word' id='word_1_389' title='bbox 1034 3369 1105 3422; x_wconf 84' lang='lat' dir='ltr'><strong>Galli</strong></span> <span class='ocrx_word' id='word_1_390' title='bbox 1116 3377 1144 3419; x_wconf 90' lang='lat' dir='ltr'><strong>et</strong></span> <span class='ocrx_word' id='word_1_391' title='bbox 1156 3367 1300 3436; x_wconf 82' lang='lat' dir='ltr'><strong>tributarii,</strong></span> 
     </span>
     <span class='ocr_line' id='line_1_38' title="bbox 182 3445 914 3514; baseline 0.01 -19"><span class='ocrx_word' id='word_1_392' title='bbox 182 3445 240 3509; x_wconf 83' lang='lat' dir='ltr'><strong>jam</strong></span> <span class='ocrx_word' id='word_1_393' title='bbox 252 3447 296 3498; x_wconf 91' lang='lat' dir='ltr'><strong>diu</strong></span> <span class='ocrx_word' id='word_1_394' title='bbox 305 3463 383 3514; x_wconf 65' lang='lat' dir='ltr'><strong>gnare</strong></span> <span class='ocrx_word' id='word_1_395' title='bbox 388 3450 482 3514; x_wconf 79' lang='lat' dir='ltr'><strong>jugum</strong></span> <span class='ocrx_word' id='word_1_396' title='bbox 493 3449 621 3503; x_wconf 85' lang='lat' dir='ltr'><strong>ferebatis</strong></span> <span class='ocrx_word' id='word_1_397' title='bbox 633 3452 758 3502; x_wconf 76' lang='lat' dir='ltr'><strong>Romanas</strong></span> <span class='ocrx_word' id='word_1_398' title='bbox 770 3452 914 3502; x_wconf 86' lang='lat' dir='ltr'><strong>servitutis.</strong></span> 
     </span>
    </p>

    <p class='ocr_par' dir='ltr' id='par_1_6' title="bbox 186 3529 1312 3929">
     <span class='ocr_line' id='line_1_39' title="bbox 200 3529 1297 3595; baseline -0.001 -15"><span class='ocrx_word' id='word_1_399' title='bbox 200 3529 331 3580; x_wconf 75' lang='lat' dir='ltr'><strong>-Oumte</strong></span> <span class='ocrx_word' id='word_1_400' title='bbox 347 3531 537 3583; x_wconf 76' lang='lat' dir='ltr'><strong>Vetustissimos</strong></span> <span class='ocrx_word' id='word_1_401' title='bbox 556 3534 685 3583; x_wconf 68' lang='lat' dir='ltr'><strong>scintillas</strong></span> <span class='ocrx_word' id='word_1_402' title='bbox 704 3533 839 3584; x_wconf 73' lang='lat' dir='ltr'><strong>Eumenia</strong></span> <span class='ocrx_word' id='word_1_403' title='bbox 857 3533 1006 3583; x_wconf 81' lang='lat' dir='ltr'><strong>Maenianae.</strong></span> <span class='ocrx_word' id='word_1_404' title='bbox 1040 3532 1152 3595; x_wconf 72' lang='lat' dir='ltr'><strong>Colligat</strong></span> <span class='ocrx_word' id='word_1_405' title='bbox 1164 3533 1205 3581; x_wconf 88' lang='lat' dir='ltr'><strong>vel</strong></span> <span class='ocrx_word' id='word_1_406' title='bbox 1217 3531 1297 3581; x_wconf 82' lang='lat' dir='ltr'><strong>exh‘u</strong></span> 
     </span>
     <span class='ocr_line' id='line_1_40' title="bbox 187 3609 1298 3679; baseline 0.002 -20"><span class='ocrx_word' id='word_1_407' title='bbox 187 3609 292 3664; x_wconf 75' lang='lat' dir='ltr'><strong>verbis:</strong></span> <span class='ocrx_word' id='word_1_408' title='bbox 308 3612 464 3665; x_wconf 73' lang='lat' dir='ltr'><strong>‘meusne</strong></span> <span class='ocrx_word' id='word_1_409' title='bbox 482 3614 535 3664; x_wconf 78' lang='lat' dir='ltr'><strong>illae</strong></span> <span class='ocrx_word' id='word_1_410' title='bbox 554 3615 648 3664; x_wconf 76' lang='lat' dir='ltr'><strong>scholae</strong></span> <span class='ocrx_word' id='word_1_411' title='bbox 665 3614 794 3679; x_wconf 77' lang='lat' dir='ltr'><strong>quondam</strong></span> <span class='ocrx_word' id='word_1_412' title='bbox 812 3614 984 3678; x_wconf 83' lang='lat' dir='ltr'><strong>pulcherrimo</strong></span> <span class='ocrx_word' id='word_1_413' title='bbox 1003 3628 1082 3677; x_wconf 87' lang='lat' dir='ltr'><strong>opere</strong></span> <span class='ocrx_word' id='word_1_414' title='bbox 1105 3621 1133 3661; x_wconf 87' lang='lat' dir='ltr'><strong>et</strong></span> <span class='ocrx_word' id='word_1_415' title='bbox 1154 3612 1298 3661; x_wconf 84' lang='lat' dir='ltr'><strong>studiorum</strong></span> 
     </span>
     <span class='ocr_line' id='line_1_41' title="bbox 186 3688 1299 3764; baseline 0.002 -25"><span class='ocrx_word' id='word_1_416' title='bbox 186 3688 339 3764; x_wconf 70' lang='lat' dir='ltr'><strong>frequentia</strong></span> <span class='ocrx_word' id='word_1_417' title='bbox 356 3694 491 3745; x_wconf 67' lang='lat' dir='ltr'><strong>celebres!</strong></span> <span class='ocrx_word' id='word_1_418' title='bbox 525 3694 603 3747; x_wconf 83' lang='lat' dir='ltr'><strong>Quod</strong></span> <span class='ocrx_word' id='word_1_419' title='bbox 621 3694 655 3745; x_wconf 84' lang='lat' dir='ltr'><strong>de</strong></span> <span class='ocrx_word' id='word_1_420' title='bbox 672 3692 862 3758; x_wconf 73' lang='lat' dir='ltr'><strong>Augustoduno</strong></span> <span class='ocrx_word' id='word_1_421' title='bbox 874 3704 990 3746; x_wconf 86' lang='lat' dir='ltr'><strong>certum:</strong></span> <span class='ocrx_word' id='word_1_422' title='bbox 1008 3692 1053 3741; x_wconf 90' lang='lat' dir='ltr'><strong>nbi</strong></span> <span class='ocrx_word' id='word_1_423' title='bbox 1063 3691 1211 3743; x_wconf 85' lang='lat' dir='ltr'><strong>Schoiama</strong></span> <span class='ocrx_word' id='word_1_424' title='bbox 1227 3692 1299 3742; x_wconf 88' lang='lat' dir='ltr'><strong>nobi·</strong></span> 
     </span>
     <span class='ocr_line' id='line_1_42' title="bbox 186 3772 1312 3842; baseline 0.006 -22"><span class='ocrx_word' id='word_1_425' title='bbox 186 3772 264 3821; x_wconf 84' lang='lat' dir='ltr'><strong>litate</strong></span> <span class='ocrx_word' id='word_1_426' title='bbox 283 3775 355 3824; x_wconf 87' lang='lat' dir='ltr'><strong>omni</strong></span> <span class='ocrx_word' id='word_1_427' title='bbox 374 3776 478 3827; x_wconf 84' lang='lat' dir='ltr'><strong>Gallica</strong></span> <span class='ocrx_word' id='word_1_428' title='bbox 495 3776 697 3841; x_wconf 80' lang='lat' dir='ltr'><strong>frequentatam,</strong></span> <span class='ocrx_word' id='word_1_429' title='bbox 712 3777 817 3828; x_wconf 81' lang='lat' dir='ltr'><strong>Tacitus</strong></span> <span class='ocrx_word' id='word_1_430' title='bbox 833 3778 888 3842; x_wconf 89' lang='lat' dir='ltr'><strong>jam</strong></span> <span class='ocrx_word' id='word_1_431' title='bbox 906 3776 968 3826; x_wconf 87' lang='lat' dir='ltr'><strong>inde</strong></span> <span class='ocrx_word' id='word_1_432' title='bbox 986 3774 1034 3826; x_wconf 88' lang='lat' dir='ltr'><strong>sub</strong></span> <span class='ocrx_word' id='word_1_433' title='bbox 1049 3774 1156 3825; x_wconf 81' lang='lat' dir='ltr'><strong>Tiberio</strong></span> <span class='ocrx_word' id='word_1_434' title='bbox 1172 3776 1312 3839; x_wconf 70' lang='lat' dir='ltr'><strong>agnoscit„</strong></span> 
     </span>
     <span class='ocr_line' id='line_1_43' title="bbox 187 3855 1252 3929; baseline 0.008 -25"><span class='ocrx_word' id='word_1_435' title='bbox 187 3855 232 3904; x_wconf 80' lang='lat' dir='ltr'><strong>Ile</strong></span> <span class='ocrx_word' id='word_1_436' title='bbox 245 3855 401 3908; x_wconf 80' lang='lat' dir='ltr'><strong>Clivionibil</strong></span> <span class='ocrx_word' id='word_1_437' title='bbox 412 3859 466 3929; x_wconf 87' lang='lat' dir='ltr'><strong>tale</strong></span> <span class='ocrx_word' id='word_1_438' title='bbox 477 3857 612 3921; x_wconf 84' lang='lat' dir='ltr'><strong>babemus,</strong></span> <span class='ocrx_word' id='word_1_439' title='bbox 622 3868 721 3923; x_wconf 81' lang='lat' dir='ltr'><strong>praeter</strong></span> <span class='ocrx_word' id='word_1_440' title='bbox 730 3861 863 3922; x_wconf 89' lang='lat' dir='ltr'><strong>suspicari.</strong></span> <span class='ocrx_word' id='word_1_441' title='bbox 1249 3871 1252 3878; x_wconf 85' lang='grc'><em>’</em></span> 
     </span>
    </p>

    <p class='ocr_par' dir='ltr' id='par_1_7' title="bbox 186 3937 1301 4236">
     <span class='ocr_line' id='line_1_44' title="bbox 201 3937 1301 4007; baseline 0.002 -22"><span class='ocrx_word' id='word_1_442' title='bbox 201 3969 205 3976; x_wconf 78' lang='lat'>‚</span> <span class='ocrx_word' id='word_1_443' title='bbox 220 3937 310 3987; x_wconf 79' lang='lat' dir='ltr'><strong>sesso.</strong></span> <span class='ocrx_word' id='word_1_444' title='bbox 327 3939 471 3992; x_wconf 70' lang='lat' dir='ltr'><strong>munimus</strong></span> <span class='ocrx_word' id='word_1_445' title='bbox 480 3938 536 3990; x_wconf 86' lang='lat' dir='ltr'><strong>illas</strong></span> <span class='ocrx_word' id='word_1_446' title='bbox 553 3941 560 3969; x_wconf 90' lang='lat'>‘</span> <span class='ocrx_word' id='word_1_447' title='bbox 574 3941 643 4002; x_wconf 83' lang='lat' dir='ltr'><strong>inter</strong></span> <span class='ocrx_word' id='word_1_448' title='bbox 655 3942 786 4006; x_wconf 89' lang='lat' dir='ltr'><strong>Apollinis</strong></span> <span class='ocrx_word' id='word_1_449' title='bbox 798 3942 922 4007; x_wconf 84' lang='lat' dir='ltr'><strong>templum</strong></span> <span class='ocrx_word' id='word_1_450' title='bbox 935 3946 1012 4005; x_wconf 85' lang='lat' dir='ltr'><strong>atque</strong></span> <span class='ocrx_word' id='word_1_451' title='bbox 1024 3938 1192 4005; x_wconf 86' lang='lat' dir='ltr'><strong>Capitolium&#39;</strong></span> <span class='ocrx_word' id='word_1_452' title='bbox 1205 3940 1301 3988; x_wconf 81' lang='lat' dir='ltr'><strong>Eume·</strong></span> 
     </span>
     <span class='ocr_line' id='line_1_45' title="bbox 190 4016 1297 4088; baseline 0.003 -22"><span class='ocrx_word' id='word_1_453' title='bbox 190 4016 249 4067; x_wconf 80' lang='lat' dir='ltr'><strong>nina</strong></span> <span class='ocrx_word' id='word_1_454' title='bbox 259 4019 341 4081; x_wconf 85' lang='lat' dir='ltr'><strong>ponit.</strong></span> <span class='ocrx_word' id='word_1_455' title='bbox 375 4020 457 4085; x_wconf 90' lang='lat' dir='ltr'><strong>Atqui</strong></span> <span class='ocrx_word' id='word_1_456' title='bbox 468 4021 596 4086; x_wconf 83' lang='lat' dir='ltr'><strong>Apollinis</strong></span> <span class='ocrx_word' id='word_1_457' title='bbox 613 4039 715 4088; x_wconf 84' lang='lat' dir='ltr'><strong>quoqne</strong></span> <span class='ocrx_word' id='word_1_458' title='bbox 729 4024 855 4088; x_wconf 88' lang='lat' dir='ltr'><strong>templum</strong></span> <span class='ocrx_word' id='word_1_459' title='bbox 874 4024 900 4074; x_wconf 89' lang='lat' dir='ltr'><strong>in</strong></span> <span class='ocrx_word' id='word_1_460' title='bbox 919 4022 1009 4072; x_wconf 80' lang='lat' dir='ltr'><strong>Flavia</strong></span> <span class='ocrx_word' id='word_1_461' title='bbox 1025 4022 1166 4074; x_wconf 77' lang='lat' dir='ltr'><strong>AEdnorum</strong></span> <span class='ocrx_word' id='word_1_462' title='bbox 1177 4021 1231 4070; x_wconf 86' lang='lat' dir='ltr'><strong>sive</strong></span> <span class='ocrx_word' id='word_1_463' title='bbox 1242 4017 1297 4072; x_wconf 77' lang='lat' dir='ltr'><strong>Aa·</strong></span> 
     </span>
     <span class='ocr_line' id='line_1_46' title="bbox 186 4100 1301 4171; baseline 0.004 -23"><span class='ocrx_word' id='word_1_464' title='bbox 186 4100 334 4161; x_wconf 72' lang='lat' dir='ltr'><strong>gustodano</strong></span> <span class='ocrx_word' id='word_1_465' title='bbox 351 4100 479 4152; x_wconf 88' lang='lat' dir='ltr'><strong>inclutum</strong></span> <span class='ocrx_word' id='word_1_466' title='bbox 489 4103 579 4168; x_wconf 88' lang='lat' dir='ltr'><strong>fnisse,</strong></span> <span class='ocrx_word' id='word_1_467' title='bbox 591 4106 656 4160; x_wconf 85' lang='lat' dir='ltr'><strong>alius</strong></span> <span class='ocrx_word' id='word_1_468' title='bbox 672 4107 858 4171; x_wconf 78' lang='lat' dir='ltr'><strong>Panegyristes</strong></span> <span class='ocrx_word' id='word_1_469' title='bbox 870 4112 983 4157; x_wconf 86' lang='lat' dir='ltr'><strong>testatus</strong></span> <span class='ocrx_word' id='word_1_470' title='bbox 994 4105 1021 4154; x_wconf 88' lang='lat' dir='ltr'><strong>in</strong></span> <span class='ocrx_word' id='word_1_471' title='bbox 1036 4103 1162 4154; x_wconf 84' lang='lat' dir='ltr'><strong>Oratione</strong></span> <span class='ocrx_word' id='word_1_472' title='bbox 1174 4102 1301 4153; x_wconf 76' lang='lat' dir='ltr'><strong>Comus-</strong></span> 
     </span>
     <span class='ocr_line' id='line_1_47' title="bbox 187 4178 560 4236; baseline 0.003 -1"><span class='ocrx_word' id='word_1_473' title='bbox 187 4178 334 4235; x_wconf 79' lang='lat' dir='ltr'><strong>tlnodicta.</strong></span> <span class='ocrx_word' id='word_1_474' title='bbox 503 4227 506 4232; x_wconf 73' lang='grc'>,</span> <span class='ocrx_word' id='word_1_475' title='bbox 556 4233 560 4236; x_wconf 75' lang='grc'>,</span> 
     </span>
    </p>

    <p class='ocr_par' dir='ltr' id='par_1_8' title="bbox 223 4258 1301 4334">
     <span class='ocr_line' id='line_1_48' title="bbox 223 4258 1301 4334; baseline 0.006 -23"><span class='ocrx_word' id='word_1_476' title='bbox 223 4258 372 4315; x_wconf 79' lang='lat' dir='ltr'><strong>Postremo.</strong></span> <span class='ocrx_word' id='word_1_477' title='bbox 388 4266 538 4334; x_wconf 85' lang='lat' dir='ltr'><strong>Eumenius,</strong></span> <span class='ocrx_word' id='word_1_478' title='bbox 550 4273 557 4298; x_wconf 88' lang='lat'>‘</span> <span class='ocrx_word' id='word_1_479' title='bbox 574 4268 696 4320; x_wconf 85' lang='lat' dir='ltr'><strong>Artifices</strong></span> <span class='ocrx_word' id='word_1_480' title='bbox 712 4269 917 4334; x_wconf 82' lang='lat' dir='ltr'><strong>Transmarinos,</strong></span> <span class='ocrx_word' id='word_1_481' title='bbox 929 4275 1002 4320; x_wconf 85' lang='lat' dir='ltr'><strong>etex</strong></span> <span class='ocrx_word' id='word_1_482' title='bbox 1016 4264 1180 4331; x_wconf 80' lang='lat' dir='ltr'><strong>amplissimis</strong></span> <span class='ocrx_word' id='word_1_483' title='bbox 1189 4262 1301 4318; x_wconf 57' lang='lat' dir='ltr'><strong>Pretiae</strong></span> 
     </span>
    </p>
   </div>
   <div class='ocr_carea' id='block_1_5' title="bbox 0 0 1526 4950">
    <p class='ocr_par' dir='ltr' id='par_1_9' title="bbox 0 0 1526 4950">
     <span class='ocr_line' id='line_1_49' title="bbox 0 0 1526 4950; baseline 0 0"><span class='ocrx_word' id='word_1_484' title='bbox 0 0 1526 4950; x_wconf 95' lang='lat' dir='ltr'><strong> </strong></span> 
     </span>
    </p>
   </div>
  </div>
 </body>
</html>
