3042 4950
208 395 294 461 4470
563 406 594 456 r.
616 400 731 457 mrsu
757 404 959 457 excussus

208 555 337 606 Muttonis
348 554 458 621 antiquis
469 553 624 605 coloralbus
646 561 674 604 ct
692 553 766 618 niger
782 553 896 618 cogniti:
914 553 997 619 iisque
1018 552 1088 614 solis,
1107 552 1150 602 uel
1169 553 1311 619 precipuis

209 650 271 688 uere.
304 637 414 702 etpost
433 636 540 687 sericam
561 637 709 686 traductam
721 641 829 698 vestem,
846 643 874 685 et
894 636 1026 698 vulgatam
1037 634 1132 695 Coam;
1149 641 1208 697 post
1224 635 1312 697 galba·

209 719 431 781 nem,caerulesm,
444 718 650 782 amethystinam‚
659 723 687 766 et
706 723 745 766 tot
758 729 854 780 genera
871 724 977 780 reperta
991 716 1117 775 culorum,
1130 729 1202 764 rarus
1213 715 1313 778 dignio-

145 810 147 815 ’
208 799 281 850 ribus
290 798 392 850 feminis
405 801 456 850 albi
467 816 543 851 usus:
560 808 661 866 spretus
672 803 786 866 inquam,
798 799 880 866 (quod
891 814 924 848 ex
935 798 1022 863 politis
1038 794 1118 847 t‘aclle
1129 795 1235 859 discum)
1251 811 1326 847 ccv

208 887 374 946 temptnsqne
385 883 457 931 color
468 883 551 946 albus,
565 882 630 932 sdeo
648 889 677 931 ut
688 890 751 932 nota
768 882 854 932 luctus
865 879 945 930 fuerit
965 878 1078 944 superbe
1091 878 1179 939 senui,
1196 891 1254 926 eum
1275 878 1313 926 in·

210 952 304 1011 dnisse.
338 964 397 1013 Hoc
408 970 557 1013 constanter
568 978 676 1014 censeo:
694 970 783 1013 movet
801 978 843 1013 me
861 964 956 1013 leviter
973 961 1096 1026 Appuleli
1111 961 1184 1009 locus
1195 960 1211 1007 l.
1224 973 1255 1008 rr.
1267 959 1313 1022 qui

203 1040 324 1093 inferiori
336 1044 379 1093 illo
391 1059 456 1108 aevo,
473 1045 481 1072 ‘
498 1052 639 1094 matronam
651 1043 766 1094 flebilem
777 1044 850 1094 fusca
861 1051 934 1093 veste
947 1041 1101 1093 contectam’
1118 1040 1251 1104 describit,
1260 1053 1313 1090 non

211 1131 241 1174 ut
251 1124 350 1188 debuit,
359 1127 430 1176 alba:
443 1141 492 1175 nec
503 1134 590 1177 tamen
602 1126 801 1190 demovet,quia
813 1134 858 1177 aut
867 1127 980 1190 priscum
991 1125 1069 1174 ritum
1081 1125 1107 1173 in
1118 1124 1203 1173 auimo
1212 1123 1314 1188 babuit,

211 1211 240 1253 ut
251 1207 326 1268 solet,
338 1206 499 1272 Appuleium
516 1213 563 1256 ant
575 1207 644 1256 alind
656 1207 681 1255 in
690 1207 829 1271 provinciis
841 1206 899 1269 furit,
907 1208 951 1257 ubi
960 1207 987 1257 id
996 1213 1112 1270 gestum;
1123 1219 1192 1255 more
1201 1205 1312 1256 Graecia

210 1280 332 1338 videlie'et
342 1295 455 1351 retento,
468 1289 536 1354 apud
548 1304 611 1354 quos
622 1288 725 1339 ibminae
735 1290 762 1339 in
774 1290 847 1340 luctu
858 1291 949 1352 nigra.
1317 1282 1320 1289 ’

244 1369 319 1419 Ann.
337 1369 391 1418 Pro
405 1376 478 1419 veste
490 1370 564 1434 nigra
574 1370 689 1420 Tibullus
704 1372 775 1421 clare
795 1377 846 1433 est,
863 1371 930 1421 libro
941 1385 985 1421 ιιι.
1000 1371 1086 1420 ‘Pars
1106 1386 1165 1435 qna
1185 1371 1240 1420 sola
1259 1369 1313 1419 mci

210 1450 344 1514 superabit
360 1450 486 1514 corporis,
503 1465 563 1501 ossa
581 1451 701 1501 lacincts
718 1452 792 1515 nigra
811 1452 922 1502 candida
940 1459 1013 1502 veste
1036 1452 1138 1515 legant!
1172 1452 1209 1502 At
1226 1451 1315 1501 Livius

210 1531 381 1595 suspicionem
391 1531 466 1595 facit,
477 1533 539 1582 nibil
556 1532 582 1581 in
593 1540 667 1583 veste
677 1537 821 1582 mutatum:
838 1533 884 1582 sed
894 1534 1032 1583 dumtaxat
1040 1533 1066 1582 in
1077 1533 1197 1582 muliebri
1207 1532 1314 1582 mundo.

210 1613 307 1662 Valerii
327 1620 398 1663 certe
419 1614 528 1663 Tribuni
544 1614 570 1662 ln
588 1615 673 1678 legem
694 1615 807 1679 Oppiam
819 1615 899 1664 verba
911 1615 980 1679 apud
999 1629 1059 1664 eum
1079 1621 1150 1677 sant,
1171 1616 1189 1664 l.
1213 1626 1315 1664 xxxiv.

211 1694 361 1744 ‘Mulieres
381 1695 441 1760 quid
464 1694 533 1744 aliud
553 1695 578 1743 in
601 1695 767 1760 lnetn‚quam
789 1710 930 1760 purpuram
952 1702 1030 1760 atque
1053 1708 1141 1745 aarum
1162 1693 1313 1758 deponunt?

211 1774 273 1837 quid
284 1790 342 1824 cum
354 1777 502 1837 eluxerunt,
514 1782 616 1824 sumunt
624 1776 641 1823 i’
674 1775 740 1824 Nam
752 1774 822 1839 qnod
834 1776 925 1825 Festus
947 1774 1056 1825 tradidit
1074 1775 1192 1838 lugentes
1204 1773 1229 1822 in
1241 1773 1314 1836 pelli-

210 1856 259 1906 bus
275 1856 540 1921 fuissentsummum
556 1863 606 1906 est.
639 1856 779 1919 ‘Pellem‚'
801 1857 894 1922 inquit,
911 1855 1028 1905 ‘babere
1050 1855 1178 1904 Hercules
1196 1853 1313 1918 lingitur,

211 1943 242 1987 ut
259 1939 376 1989 homines
394 1940 479 1989 cultus
500 1940 600 2003 antiqui
621 1939 817 1989 admoneantur.
851 1940 982 2002 Lagentes
999 1951 1101 2001 quoque
1119 1935 1211 1984 diebus
1229 1936 1317 1984 luctus

211 2019 238 2066 in
259 2021 369 2083 pellibus
392 2020 469 2071 sunt?
514 2020 586 2069 Nibil
609 2021 661 2070 tale
684 2021 795 2084 reperio,
817 2020 866 2068 nisi
895 2018 1026 2069 consentis
1048 2016 1119 2078 mibi,
1131 2031 1222 2079 magne
1242 2015 1316 2064 Festi

211 2100 352 2166 interpres,
372 2102 422 2168 (te,
433 2103 559 2166 Scaliger,
569 2100 686 2167 appello)
696 2110 725 2152 ut
737 2102 865 2166 accipiam
883 2102 915 2150 de
927 2099 1007 2150 laneis
1019 2098 1105 2149 vittis:
1124 2112 1187 2162 quas
1197 2097 1317 2147 mulieres

212 2181 239 2229 in
257 2181 331 2231 luctu
347 2184 486 2247 sumpsisse
509 2198 524 2233 e
543 2184 621 2233 variis
633 2183 790 2247 scriptorum
802 2183 867 2232 locis
878 2190 987 2232 certum.
1020 2179 1062 2230 An
1073 2180 1122 2229 hoc
1142 2179 1223 2228 mavis
1235 2179 1319 2228 insiti·

212 2262 277 2310 tium
296 2263 366 2313 istud
387 2264 514 2315 emblema
525 2281 541 2315 a
552 2266 645 2315 Paullo
662 2264 736 2315 esse?
753 2265 798 2330 qni
818 2264 966 2328 respexerit
985 2261 1087 2311 scilicet
1104 2260 1137 2309 ad
1148 2261 1317 2310 Barbaricum

212 2343 366 2394 morem'sni
388 2346 453 2417 ucri:
470 2361 521 2411 quo
535 2347 683 2397 etiamnunc
703 2348 772 2411 apud
795 2362 841 2396 uos
864 2353 1008 2410 receptum,
1028 2343 1110 2407 pelles
1122 2342 1245 2392 extremis
1264 2342 1317 2392 oris

213 2423 323 2476 vestium
334 2425 530 2480 assuiinluetu.
562 2427 754 2480 Tunosdoce.·
1171 2430 1175 2433 ’

700 2555 781 2611 ’Ν.

246 2675 312 2723 Can.
324 2678 365 2724 88.
399 2675 525 2742 Plinius,‘
537 2678 623 2729 Sentis
634 2677 754 2743 qualibus
772 2677 805 2726 sd
815 2675 920 2741 Trojam
932 2679 1073 2739 pugnatum
1085 2678 1137 2733 est,
1148 2669 1318 2723 contineban-

212 2759 256 2802 tur
272 2755 412 2819 imagines:
428 2757 497 2807 unde
514 2765 542 2808 et
557 2774 650 2808 nomen
669 2759 784 2808 habuere
803 2758 965 2822 clypeorum,
977 2768 1028 2805 non
1049 2760 1079 2804 ut
1097 2753 1319 2818 perversaGram·

212 2834 363 2884 erraticorum
384 2836 515 2888 subtilitas
534 2840 618 2889 voluit
638 2855 654 2888 a
674 2838 810 2890 cluendo!
853 2838 933 2887 Scuta
959 2844 1046 2887 antem
1074 2836 1144 2900 apud
1164 2836 1318 2894 Homerum,

213 2913 297 2963 forma
316 2916 394 2965 orbis.
428 2917 514 2967 Lirim
536 2919 553 2968 l.
576 2932 644 2968 xxv.
662 2920 687 2968 iu
700 2926 791 2968 cetera
809 2918 900 2983 pracda
911 2915 1084 2968 Hasdrubalis
1094 2918 1216 2982 clypeum
1227 2928 1319 2977 argen-

213 3002 284 3044 teum
303 3001 436 3058 repertum
457 2998 503 3059 ait,
523 3013 582 3048 cnm
600 2999 712 3063 imagine
729 2999 819 3063 ipsius.
851 2999 989 3049 Suetonius
1001 2999 1168 3049 Domitiano:
1186 2998 1319 3048 ‘Senatus

213 3075 278 3124 adeo
289 3077 393 3126 laetatus
406 3083 455 3140 est,
466 3084 495 3129 ut
515 3080 619 3143 repleta
628 3079 749 3131 certatim
761 3081 842 3143 curia,
852 3080 935 3130 scalas
952 3081 1030 3131 etiam
1043 3079 1146 3143 inferri,
1156 3080 1317 3143 clypeosque

212 3163 241 3206 et
257 3157 381 3221 imagines
392 3159 446 3222 ejus
463 3174 549 3209 coram
560 3161 673 3225 detrahi,
683 3168 711 3211 at
730 3161 826 3211 ibidem
842 3162 896 3211 solo
908 3159 1121 3225 affiigijuberet!
1154 3158 1319 3221 Capitolinus

211 3237 239 3285 in
251 3235 397 3289 Antonino:
415 3242 537 3292 ‘Ceteris
555 3243 691 3293 bonoribus
711 3241 842 3305 refutatis,
858 3243 979 3307 clypeum
1000 3242 1135 3292 Hadriano
1155 3238 1319 3303 magnificen-

211 3318 337 3368 tissimum
349 3322 446 3385 posuit,
468 3324 618 3374 sacerdotes
636 3313 767 3373 institnit?
798 3323 942 3373 Trebellius
954 3323 980 3372 in
992 3322 1116 3372 Claudio:
1135 3322 1142 3349 ‘
1155 3320 1199 3369 Illi
1210 3320 1318 3384 clypeus

212 3412 315 3463 aureus,
323 3402 376 3464 vel,
385 3410 413 3451 ut
421 3402 590 3455 Grammatiei
598 3405 747 3469 loquuntur,
756 3404 876 3467 clupeum
885 3417 1002 3465 atrreum,
1011 3404 1120 3453 Senatus
1127 3398 1210 3452 ¹totius
1217 3399 1320 3466 judicio

211 3479 239 3528 in
258 3480 329 3530 curia
345 3483 498 3535 collocatum
522 3492 572 3546 est,
590 3492 620 3534 nt
642 3486 723 3536 etiam
741 3499 810 3535 nunc
830 3485 950 3536 uidetur)
984 3484 1061 3538 Quod
1081 3484 1118 3534 sit
1128 3482 1320 3533 Grammaticos

132 3553 139 3568 ‘
210 3560 299 3624 malle,
320 3562 457 3627 clupeum:
483 3580 573 3616 rerum
596 3576 645 3631 est,
665 3574 694 3618 et
718 3576 783 3631 puto
804 3568 830 3617 in
853 3568 938 3631 Capro
958 3566 1062 3631 legisse,
1082 3567 1205 3629 Clupeam,
1226 3566 1319 3625 imago:

213 3642 320 3707 Clipeos,
335 3644 412 3696 ioris.
445 3647 498 3696 Sed
510 3654 538 3697 et
554 3648 642 3698 Livius
652 3648 836 3699 Grammaticis
853 3648 950 3712 paruit,
960 3649 978 3696 l.
990 3647 1053 3696 ιι(
1065 3645 1109 3695 Ab
1129 3646 1168 3694 bis
1185 3645 1321 3705 columnis,

212 3738 270 3789 qum
286 3725 448 3777 incommode
466 3729 554 3791 posite
570 3730 726 3779 videbantur
747 3730 820 3794 signa
843 3729 955 3778 amovit:
982 3729 1126 3791 clypeaque
1144 3727 1176 3775 de
1195 3726 1319 3776 columnis

211 3810 241 3854 et
252 3804 325 3869 signa
336 3808 457 3858 militaria
468 3808 544 3860 affirm
555 3811 686 3876 dempsit!
720 3812 752 3861 ln
763 3820 930 3862 monumento
939 3810 1041 3873 prisco:
1059 3812 1067 3836 ‘
1078 3809 1146 3858 huic.
1158 3806 1320 3858 decuriones.

210 3882 297 3935 funus.
305 3886 446 3948 publicum.
458 3896 742 3957 statuameqnestrem.
751 3893 880 3955 clypeum.
889 3900 1050 3954 argenteum.
1060 3891 1156 3938 locum.
1168 3889 1319 3951 sepulturae.

211 3966 402 4018 decreverunt:
434 3971 492 4019 Nec
502 3978 587 4023 tamen
599 3988 702 4038 semper
713 3974 738 4022 bi
759 3973 846 4037 clypei
864 3987 922 4022 cum
935 3971 1035 4036 effigie:
1048 3986 1123 4036 ‚sape
1139 3974 1195 4020 sine
1206 3984 1247 4030 ea,
1259 3982 1319 4018 cnm

212 4046 282 4098 nudo
301 4049 403 4098 nomine
422 4053 554 4114 ponentis,
572 4062 601 4104 et
619 4056 661 4105 cui
674 4055 853 4120 ponebantur:
872 4054 926 4104 sive
938 4055 1016 4104 eliam
1026 4068 1085 4103 cum
1096 4052 1208 4114 ponendi
1220 4063 1324 4100 caussas

211 4128 287 4178 Philo
299 4128 407 4180 Juduaus
427 4135 542 4198 egregie,
560 4135 601 4185 De
621 4137 701 4200 legat.
723 4136 754 4185 ad
776 4136 883 4205 Caluum:
902 4133 1007 4184 llmdros
1024 4132 1055 4192 ἣν
1073 4136 1122 4182 τῶν
1140 4130 1251 4195 ὑπάρχων
1262 4125 1320 4178 iai·

211 4227 297 4273 aporos
323 4210 513 4286 ἂποδςδειγμένος
538 4219 581 4276 τῆς
604 4216 722 4269 Ἰουδαίας.
754 4214 831 4267 O‘wcs
850 4217 893 4266 odor
912 4216 951 4265 erl
970 4215 1076 4280 Τεβερίου
1097 4216 1199 4274 μᾶλλον,
1216 4212 1233 4271 ἦ
1249 4209 1320 4261 3⁸⁸⁸

211 4291 255 4342 5⁰3
273 4293 378 4352 λνῐῆθαι
391 4289 425 4344 'rb
442 4299 542 4363 πλῆθος,
553 4298 689 4361 ἀνατίθησιν
705 4300 731 4351 ir
740 4302 792 4352 ruis
801 4299 864 4351 urard
873 4299 919 4359 τὴν
933 4297 1052 4364 imbrum
1065 4295 1168 4361 ‘liquidae
1187 4291 1319 4352 Μώῢ
