3042 4950
239 309 329 391 45⁴⁶
410 284 412 289 i
459 320 658 376 asenneus
681 324 851 377 coorouu
875 325 910 376 c.
933 325 966 385 c.
989 325 1118 379 raum
1170 367 1175 377 .

241 479 380 557 codicis,
396 479 430 543 in
444 497 511 563 quo
526 478 704 563 Pomponii
720 476 821 543 Melea
834 476 1111 563 cosmographia,
1128 477 1292 558 troslibti,
1312 482 1349 545 et

242 582 442 668 opusculum
464 581 587 649 Probae
603 584 719 647 uxoris
742 580 864 649 Acesti
887 580 958 668 (vel
977 579 1139 668 Adelphi)
1163 601 1347 668 pracesse-

241 695 323 752 rant.
367 684 472 751 Manu
487 684 565 752 Ital.
580 685 639 751 fol.
653 686 733 753 min.
747 685 893 753 chartac.
906 692 990 753 cent.
1007 702 1072 751 xv.

286 789 383 855 Nihil
410 789 501 854 ultra
530 789 571 855 de
594 788 716 857 Tacito
741 791 824 856 inter
852 789 988 856 codices
1021 787 1231 855 Harleo'cuos:
1266 787 1348 855 nihil

240 910 376 977 prorsus
394 893 477 959 inter
498 888 625 979 Regios,
642 892 853 977 ‚cottonianos
879 889 1145 971 umbonum,
1177 889 1347 955 Burneiem

241 1015 297 1072 ses,
320 1000 385 1063 aut
407 994 504 1074 alios,
530 997 565 1060 ni
587 995 699 1060 forsan
721 996 875 1079 excipias
897 995 1038 1061 selectas
1052 994 1212 1080 quasdam
1232 991 1347 1059 Taciti

242 1100 434 1180 sententias,
456 1103 490 1167 et
508 1099 599 1185 quod
618 1103 752 1166 notatur
766 1099 850 1165 inter
875 1097 1010 1167 Misoel.
1026 1095 1221 1187 Ayscougb.
1236 1093 1345 1171 Gatal.

647 1417 772 1484 Codices
790 1414 943 1482 Cantaba

284 1589 326 1655 In
340 1587 502 1656 Biblioth.
525 1590 660 1674 publica
679 1586 927 1665 Universitatis,
949 1584 1047 1650 1008.
1059 1585 1096 1650 3.
1121 1586 1173 1649 est
1188 1581 1288 1648 Liber
1303 1581 1347 1648 de

241 1692 397 1761 Moribus
409 1693 649 1759 Germanorum
662 1690 775 1756 Taciti
791 1689 924 1774 Equitis
940 1688 1096 1754 Romani.

282 1797 359 1862 620.
378 1799 406 1860 l.
431 1795 554 1861 italica
567 1795 702 1874 Versio,
717 1794 783 1860 aevi
796 1792 1001 1870 recentioris,
1025 1791 1137 1877 primi,
1153 1797 1197 1871 et,
1211 1812 1255 1858 ex
1269 1812 1346 1878 par-

242 1902 287 1976 te,
303 1898 441 1963 secundi
455 1898 531 1962 libri
545 1888 665 1961 Annei.

284 2018 338 2082 De
354 2019 438 2096 Situ,
452 2016 621 2095 Moribus,
636 2022 669 2081 et
683 2016 825 2100 Populis
840 2015 1029 2089 Germaniae
1047 2016 1216 2083 Libellus:
1234 2035 1254 2080 a
1269 1968 1347 2101 pror·

239 2116 379 2203 digiosis
393 2120 523 2184 mendis
542 2119 606 2209 (ita
620 2121 789 2199 scribitur)
812 2125 1003 2204 repurgatus
1017 2139 1078 2204 per
1094 2120 1193 2187 Beat.
1210 2118 1346 2185 Rhena-

239 2217 319 2286 uum
332 2223 497 2290 beneficio
511 2223 585 2289 cod.
605 2223 814 2288 vetustioris:
838 2242 916 2288 cnm
931 2221 1033 2288 Notis
1056 2223 1297 2308 marginalibus
1311 2227 1346 2289 el

240 2325 513 2425 interlinearibus.
536 2325 624 2392 Saec.
640 2341 723 2388 xvi.

667 2605 792 2672 Codices
811 2604 912 2672 Oxou.

262 2801 265 2808 ·
282 2778 386 2863 Apud
398 2779 608 2845 Oxonienses
621 2779 785 2845 notandus
800 2781 851 2843 est
864 2778 975 2844 codex
994 2774 1185 2844 Bodleioncs
1199 2775 1346 2847 Cornelii

238 2881 352 2947 Taciti
368 2879 528 2946 Actorum
540 2881 750 2946 Diumalium
767 2880 861 2947 Hist.
875 2879 1017 2963 August.
1033 2884 1152 2947 alibro
1167 2883 1344 2950 undecimo

238 2985 415 3068 incipiens,
443 2993 475 3047 et
499 2987 534 3047 in
549 2983 633 3047 serie
648 2981 839 3048 continuata
863 3004 923 3068 per
947 2985 1050 3050 libros
1076 2990 1226 3070 quinque
1249 2987 1345 3053 Hist.

237 3107 387 3171 pergens.
421 3087 504 3151 Cod.
517 3088 657 3151 illumin.
671 3079 757 3151 bene
772 3087 929 3170 scriptus,
944 3090 1128 3169 membran.
1143 3095 1188 3167 et,
1203 3096 1243 3154 nt
1252 3090 1347 3155 vide·
1378 3079 1382 3084 ’

237 3196 300 3269 tur,
317 3191 493 3256 collatione
507 3210 583 3254 oum
592 3189 747 3254 Brotierii
763 3189 842 3254 edit.
856 3189 947 3254 facta
963 3197 1148 3258 correctus:
1172 3212 1255 3258 saec.
1279 3210 1346 3258 xv.

238 3284 310 3360 Sub
324 3294 421 3357 finem
445 3295 520 3358 haec
536 3294 659 3358 verba:
683 3298 693 3326 ‘
709 3292 751 3356 In
764 3294 948 3377 exemplari
962 3299 1090 3360 tantum
1104 3302 1194 3361 crat:
1219 3297 1345 3381 siquis

235 3394 318 3462 hinc
330 3398 543 3480 descripserit
556 3401 692 3475 novum,
717 3397 805 3460 sciat
819 3417 871 3461 me
887 3397 979 3481 quod
993 3399 1125 3482 repperi
1141 3398 1283 3463 fideliter
1302 3397 1345 3464 ab

236 3518 277 3565 eo
306 3501 576 3585 transcripsisse;
599 3499 692 3586 quod
708 3501 792 3564 inter
816 3506 925 3566 cetera
948 3521 1014 3564 uon
1038 3508 1089 3566 cst
1110 3522 1218 3584 neque
1237 3500 1346 3586 pessi·

236 3624 325 3669 mum
340 3626 446 3689 neque
470 3602 781 3669 mendosissimum?
824 3605 895 3670 Sub
920 3602 1019 3667 linem
1041 3610 1120 3668 sunt
1141 3605 1241 3668 eliam
1265 3604 1344 3670 dum

235 3706 290 3770 vel
325 3714 392 3771 tres
421 3710 573 3791 epistolae
600 3707 693 3773 Julio
715 3707 845 3772 Caesari
871 3706 1041 3789 ascriptae,
1067 3710 1101 3770 et
1129 3726 1193 3769 una
1218 3706 1344 3771 Pontio

232 3803 360 3870 ·Pilato¹
377 3789 419 3870 id
433 3809 605 3875 Tiberium
617 3809 659 3875 de
674 3810 697 3876 J
701 3856 708 3873 .
718 3808 864 3886 Christo,
889 3827 1027 3891 quarum
1040 3806 1113 3873 haec
1129 3808 1248 3874 saltem
1263 3827 1345 3894 spu-

236 3906 286 3971 ria
300 3908 439 3975 videtur.

734 4058 847 4111 NOTAE

269 4174 285 4220 1
311 4171 435 4236 Epistola
454 4172 513 4223 duae
532 4173 621 4223 Pilato
640 4176 770 4239 ascripta,
809 4171 963 4238 apocryphus
975 4172 1039 4222 Novi
1058 4172 1211 4236 Temenum,
1224 4173 1342 4236 collectus.

236 4246 351 4314 vulgata
362 4255 432 4316 snut,
439 4251 507 4302 libro
518 4252 561 4302 cni
572 4251 673 4318 titulus,
688 4253 771 4305 Codes
809 4250 948 4317 asarta,
957 4252 999 4318 irc.
1014 4251 1054 4303 al
1057 4249 1105 4303 .Α.
1111 4249 1232 4304 Fabricio
1243 4247 1341 4301 Hsmb.
