3042 4950
225 394 317 469 utut
544 446 548 453 ,
586 407 616 459 r.
638 405 750 458 masur
776 405 971 458 munusue

225 556 394 615 seueritatem
406 553 567 618 emebatur,
583 554 625 605 roi
642 554 806 620 tenpmtiris
822 552 947 607 conviviis
967 549 1100 618 gaudem'
1132 550 1185 606 Qui
1203 550 1245 603 rei
1262 551 1331 603 mins

226 634 300 695 inem
311 637 446 689 sententiaa
457 650 524 687 mem
545 635 689 688 firmanda.
721 636 796 688 Cede
816 637 886 687 eain
905 635 926 686 si
948 648 1000 686 non
1017 634 1051 686 de
1072 634 1116 685 die
1133 634 1198 685 iilud
1216 635 1332 699 epulum,

228 719 359 789 quomodo
375 719 510 784 subjungit
528 718 562 770 de
582 719 654 768 lucto
669 718 739 768 inter
756 718 872 771 milites?
902 718 1048 780 Quomodo,
1062 718 1071 746 ¹
1083 716 1173 768 Psiris
1194 717 1286 781 procul
1304 722 1333 767 et

228 816 301 863 urna
311 799 541 865 adspiciebautur,'
554 799 727 850 intenebris?
758 801 827 849 Sue
845 799 941 850 iterum
959 798 993 848 de
1011 797 1118 848 Vitellio
1134 803 1238 848 noster:
1255 796 1333 847 orodis

226 883 441 942 diuitum:
455 889 485 932 et
496 881 653 947 xiphilinus,
669 880 700 931 ri
715 884 831 933 πλεῖστον
845 882 889 941 ris
907 877 994 945 inicus
1008 879 1048 930 rol
1062 880 1107 939 ris
1121 879 1205 931 russis
1219 875 1333 928 ilerda

226 965 354 1019 Dionnum
372 977 434 1028 erpo
453 963 599 1014 convivi-n
617 963 752 1030 (intellego
770 978 787 1014 s
803 963 922 1027 meridie,
931 969 979 1013 ant
992 960 1112 1028 circiter)
1128 961 1335 1027 impertirem,

227 1048 290 1113 quia
300 1046 393 1096 initum
410 1044 522 1109 tempori
541 1044 633 1096 nimis:
651 1053 805 1095 nosternon
823 1050 924 1107 contra,
940 1044 1165 1108 lmempostirom.
1198 1041 1335 1093 Describit

226 1127 392 1193 Propertius,
407 1126 467 1177 ‘Sic
479 1132 582 1178 noctem
593 1134 695 1192 patera,
711 1127 750 1178 sio
759 1126 852 1176 ducam
863 1125 988 1189 carmine,
996 1124 1080 1176 donee
1091 1125 1197 1189 injiciat
1209 1123 1296 1174 radios
1307 1124 1336 1173 in

226 1223 286 1263 mes
303 1209 363 1261 vina
380 1207 456 1261 dies!
488 1208 629 1261 Suetonius
639 1209 722 1273 Calig.
734 1224 758 1260 e.
770 1214 812 1260 li.
827 1208 972 1258 ‘Senatum
991 1207 1167 1272 populumque
1187 1205 1337 1271 objurgavit

228 1289 328 1353 edicto,
337 1289 406 1355 quud
417 1290 522 1341 Carme
534 1291 679 1354 proeliante,
695 1291 881 1356 intempestiua
890 1288 1020 1353 esurivit,
1035 1289 1133 1339 circum
1144 1294 1172 1337 et
1182 1289 1296 1349 mentre,
1308 1292 1337 1338 et

229 1384 342 1429 amoenos
351 1384 466 1422 sucosam
476 1367 663 1424 celebrarent!
683 1374 780 1424 Cicero
787 1387 834 1437 pro
845 1372 983 1423 Muretus
1000 1370 1204 1435 ⁶·lutempestiri
1215 1367 1338 1431 convivii,

228 1453 322 1507 umoeui
343 1453 553 1517 looi,multarum
581 1455 732 1506 delitiarum
752 1468 842 1505 comes
860 1460 905 1521 est
923 1458 1044 1503 extrema
1060 1451 1183 1502 ruratio!
1226 1450 1336 1502 Curtius

228 1536 295 1589 bur.
312 1535 319 1563 ‘
332 1533 522 1600 Intempestive
530 1537 693 1603 convivia‚et
705 1522 862 1602 perpotandi
872 1534 1094 1601 pervigilandique
1104 1533 1195 1583 insana
1205 1531 1338 1582 dulcedo)

228 1617 265 1667 Et
283 1617 403 1681 exempla
419 1617 511 1680 plura:
528 1617 574 1667 sed
593 1618 633 1680 iis,
651 1618 696 1683 qui
715 1633 761 1670 cor
778 1619 885 1682 habent,
904 1618 962 1667 neo
981 1615 1063 1666 attis:
1080 1612 1157 1678 papir
1175 1620 1262 1664 autem
1281 1612 1338 1662 obre

227 1699 308 1753 seiros
318 1698 374 1749 obre
382 1696 450 1762 ῥῆξαί
460 1698 522 1764 ἐστι,
529 1699 567 1750 ait
577 1698 780 1751 verbum‘vetus.

766 1896 799 1946 B.

236 2081 239 2085 ¹
261 2022 329 2074 cnr.
342 2026 382 2073 1⁵.
399 2023 452 2074 uec
462 2030 491 2076 et
501 2038 607 2075 munera
618 2025 683 2090 peti,
691 2025 799 2091 darique
810 2024 896 2076 solent
904 2036 935 2074 eo
946 2023 990 2074 die
1001 2021 1035 2072 ad
1047 2021 1161 2073 barbam.
1186 2021 1338 2072 Ammianus

228 2105 247 2157 1,
259 2116 331 2155 xvir.
348 2106 356 2133 ‘
368 2105 525 2157 Cauaseum
536 2108 648 2172 petamb
658 2122 693 2158 ex
704 2123 764 2173 usa,
774 2107 894 2173 gregsrio
905 2106 1008 2158 cuidem
1018 2112 1049 2155 ut
1058 2103 1152 2155 barbas
1172 2103 1339 2166 detenderet,

229 2184 345 2236 dedisset
360 2186 457 2253 aliquid
477 2190 538 2253 vile,
559 2189 749 2241 contumeliosis
771 2188 906 2240 calumniis
925 2186 1058 2252 appetitus
1076 2192 1118 2235 ert
1134 2199 1151 2234 o
1170 2182 1339 2235 Gaudentio!

228 2266 373 2331 luvenalis,
387 2268 456 2320 ‘Ille
475 2272 552 2325 metit
568 2271 684 2336 barbam,
702 2271 801 2320 crinem
811 2270 853 2320 laic
865 2269 973 2334 deponit
985 2267 1074 2329 amati,
1084 2267 1168 2316 Plena
1178 2266 1268 2318 dumos
1279 2265 1340 2317 libis

229 2347 382 2413 penalibus?
415 2351 565 2404 Quinetiam
580 2354 642 2405 Deo
659 2353 736 2403 alicui
752 2352 849 2402 sacrari
867 2350 953 2413 solita,
965 2356 994 2399 ut
1004 2348 1073 2414 apud
1083 2348 1193 2399 Grecos
1212 2347 1340 2412 uirginum

230 2443 422 2498 puerorumque
433 2447 522 2487 come.
549 2436 685 2488 Suetonius
696 2435 730 2486 de
742 2436 863 2486 Nerone:
881 2431 1014 2483 ‘Barbam
1024 2430 1132 2496 primaru
1143 2428 1238 2495 posuit,
1254 2427 1342 2480 coodi-

228 2514 370 2578 umquem
383 2530 486 2568 arrream
498 2517 622 2582 pyxidem
633 2526 662 2570 et
673 2516 866 2583 pretiosissimis
877 2515 1026 2579 margaritis
1042 2513 1193 2563 adornatam
1208 2510 1341 2576 Capitolio

228 2596 415 2650 consecrarit?
430 2595 476 2650 ubi
486 2599 606 2662 emendo,
619 2599 765 2662 Capitolino,
777 2598 839 2651 Jori
851 2597 964 2659 seilicet,
976 2611 1009 2646 ex
1022 2596 1115 2645 Dione.
1148 2594 1260 2645 Earinus
1270 2590 1341 2657 apud

229 2673 382 2730 Martialem
402 2679 512 2742 primam
528 2680 676 2745 lanuginem
695 2695 848 2745 comamque
863 2679 1030 2741 ‘Pergameo
1049 2676 1137 2740 posuit
1152 2675 1222 2725 dona·
1239 2680 1342 2723 samm

230 2755 306 2820 Deo?
338 2759 521 2825 Tertullianus,
533 2761 577 2814 De
588 2762 687 2814 anima:
704 2761 712 2792 ‘
724 2761 792 2813 Quis
803 2774 856 2812 uon
866 2758 962 2809 exinde
973 2764 1019 2808 aot
1030 2763 1115 2807 totum
1125 2754 1173 2806 seii
1192 2749 1341 2824 [legmfils'r]

230 2846 311 2901 caput
322 2841 560 2905 resmissionem
578 2843 690 2909 aliquem
707 2843 809 2908 exeipit
826 2841 934 2904 crinem,
953 2846 999 2890 aut
1009 2844 1064 2892 tuta
1075 2837 1202 2888 nuraeole
1212 2842 1343 2902 prosecat,

229 2925 277 2970 aut
286 2919 413 2971 sacrificio
429 2922 537 2988 obligat,
553 2931 599 2976 aut
610 2940 684 2975 sacro
695 2925 817 2989 obsignat
828 2938 876 2987 pro
887 2921 993 2987 publica
1004 2927 1049 2972 sut
1060 2920 1163 2984 privata
1173 2919 1316 2969 devotione
1324 2917 1344 2968 i’

231 2998 396 3065 Censorinus,
408 3003 450 3053 De
462 3003 504 3054 die
514 3005 605 3069 natali,
615 3010 705 3071 oapi.
721 3004 854 3057 ‘Quidam
873 3003 953 3054 etiarn
970 3017 1018 3066 pro
1035 3007 1127 3052 cetera
1145 2999 1214 3049 bona
1225 2999 1343 3063 corporis

229 3080 391 3146 ualetudine,
401 3083 499 3135 crinem
511 3086 571 3136 Dec
581 3101 682 3138 sacrum
694 3082 856 3151 pascebant?
890 3083 1003 3136 Quando
1017 3082 1040 3131 la
1057 3095 1112 3131 mos
1128 3081 1218 3132 Roma
1230 3080 1344 3146 caeperit

229 3159 303 3227 (nam
314 3164 436 3230 antiquos
446 3166 552 3217 barbam
564 3168 658 3220 aluisse
676 3168 740 3219 satia
751 3164 869 3232 coastat)
883 3180 980 3232 quero.
1004 3165 1105 3215 Livius
1121 3179 1181 3214 eum
1199 3177 1344 3227 agnoscere

228 3242 334 3310 videtur
342 3246 390 3298 sub
402 3259 496 3300 anuum
508 3249 579 3300 urbis
589 3254 647 3302 suu.
657 3250 721 3302 satia
731 3250 813 3313 clare,
823 3248 867 3299 ubi
879 3248 913 3298 de
926 3246 1025 3297 Manlio
1042 3245 1192 3310 Capitolino
1208 3245 1235 3294 in
1254 3258 1344 3295 earce-

230 3335 286 3388 rem
295 3324 416 3388 conjecto
427 3343 435 3377 s
451 3328 458 3356 ‘
470 3328 539 3382 Satis
550 3335 655 3384 constat
666 3345 786 3395 maguam
801 3335 902 3393 partem
914 3326 997 3392 piebis
1007 3332 1104 3378 vestem
1115 3335 1238 3391 mutasse,
1248 3326 1345 3375 multos

229 3404 355 3454 mortales
365 3406 489 3472 capillum
499 3423 531 3462 ac
543 3409 648 3464 barbam
660 3410 828 3475 promisisse!
859 3410 888 3464 Si
906 3409 933 3459 iu
953 3409 1026 3459 luctu
1040 3408 1208 3471 promiserint
1226 3406 1345 3470 barbam,

230 3496 294 3548 ergo
312 3485 376 3535 alias
388 3501 453 3539 rasa
486 3488 596 3544 Refeliit
607 3497 694 3548 tamen
705 3506 765 3541 euru
775 3492 861 3544 Varro
871 3492 915 3541 De
927 3503 956 3539 re
967 3490 1043 3542 Ruat
1061 3490 1078 3539 Ι.
1089 3503 1121 3538 ιι.
1139 3491 1147 3516 ‘
1161 3489 1277 3541 Omnino
1288 3496 1346 3539 too·

231 3566 652 3635 soresinltaiiaprimumreuisse
662 3572 1347 3635 exSiciliadicunturpostmoncuccurv.utrorip·

231 3653 288 3698 tum
298 3650 325 3700 ia
337 3650 444 3715 publico
456 3652 553 3704 Ardea)
563 3654 590 3704 iu
602 3654 698 3705 litteris
710 3660 799 3708 exstat
809 3670 816 3703 ε
833 3666 931 3718 eosque
942 3650 1080 3702 adduxisse
1096 3650 1129 3701 P.
1146 3651 1275 3701 Ticinium
1288 3653 1347 3702 Me.

229 3742 300 3794 uam.
333 3732 405 3783 Olim
416 3739 534 3785 tonsores
543 3749 594 3788 nou
605 3735 684 3787 fluisse
696 3733 876 3800 adsignificaut
887 3732 1051 3796 antiquorum
1057 3736 1161 3794 emtore,
1169 3732 1239 3796 quod
1253 3734 1347 3797 pierre·

231 3810 392 3879 queirabeut
402 3815 526 3878 capillum
542 3823 571 3868 et
589 3817 697 3872 barbam
716 3813 855 3881 maguam)
889 3813 948 3863 Neo
969 3812 1082 3876 ambigo,
1098 3813 1162 3877 quin
1179 3827 1213 3862 ex
1231 3814 1285 3864 ritu
1303 3814 1347 3865 sui

232 3891 424 3957 superiorisque
443 3895 493 3944 ari
512 3895 674 3950 aberraverit
691 3899 766 3950 Livio
783 3910 856 3945 mens
876 3899 904 3943 et
920 3907 1019 3943 manus.
1053 3893 1146 3943 Cicero
1157 3901 1231 3944 certe
1246 3909 1294 3959 pro
1307 3896 1347 3945 ill.

231 3969 316 4043 Coel'lo
326 3973 406 4023 etiarn
417 3975 468 4041 Ap.
481 3975 618 4028 Claudium
630 3981 736 4031 Caeoum
747 3978 883 4030 barbatum
901 3975 1012 4038 inducit,
1029 3974 1127 4040 aliquot
1146 3982 1207 4039 post
1225 3982 1347 4028 notatum

233 4047 345 4130 Varroni
356 4069 440 4108 rerum
451 4058 533 4109 annis.
566 4060 647 4112 Bellis
656 4060 764 4112 Punicis
773 4060 800 4109 in
812 4074 858 4109 usn
870 4057 964 4110 crebro
970 4057 1027 4120 jam
1038 4071 1152 4106 rasuram
1160 4054 1241 4108 fuisse
1249 4058 1349 4110 doceat

232 4130 372 4202 Annalium
383 4137 468 4201 prisce
486 4138 577 4201 verba,
593 4155 650 4204 quaa
668 4142 701 4192 de
717 4140 841 4204 Scipione
859 4137 978 4201 Ageliius
996 4137 1109 4200 rettulit,
1127 4144 1157 4189 et
1177 4138 1347 4204 mirabundus

232 4228 325 4290 parum
337 4219 419 4283 cepit.
451 4220 568 4273 iuvenes
578 4236 640 4284 erqo
649 4223 756 4282 alebant
767 4220 891 4284 balblmi
907 4225 935 4269 et
945 4218 1005 4286 ideo
1016 4233 1031 4267 a
1043 4218 1169 4268 Cicerone
1181 4219 1215 4269 ad
1227 4218 1313 4271 Attio.
1326 4234 1347 4270 r.

231 4295 443 4366 {Comeaaatorea
452 4302 640 4367 conjurationis
651 4302 781 4356 barbatuli
787 4304 900 4367 juvenes
912 4300 929 4352 ε’
947 4299 1075 4366 appellati
1086 4299 1141 4350 siue
1154 4301 1207 4351 ulia
1218 4302 1347 4364 lascivire,
