<?xml version="1.0" encoding="UTF-8"?>
<!DOCTYPE html PUBLIC "-//W3C//DTD XHTML 1.0 Transitional//EN"
    "http://www.w3.org/TR/xhtml1/DTD/xhtml1-transitional.dtd">
<html xmlns="http://www.w3.org/1999/xhtml" xml:lang="en" lang="en">
 <head>
  <title>
</title>
<meta http-equiv="Content-Type" content="text/html;charset=utf-8" />
  <meta name='ocr-system' content='tesseract 3.04.00' />
  <meta name='ocr-capabilities' content='ocr_page ocr_carea ocr_par ocr_line ocrx_word'/>
</head>
<body>
  <div class='ocr_page' id='page_1' title='image "./operaomnia00tacigoog/operaomnia00tacigoog_0029.png"; bbox 0 0 3042 4950; ppageno 0'>
   <div class='ocr_carea' id='block_1_1' title="bbox 539 399 1313 468">
    <p class='ocr_par' dir='ltr' id='par_1_1' title="bbox 539 399 1313 468">
     <span class='ocr_line' id='line_1_1' title="bbox 539 399 1313 468; baseline 0.01 -8"><span class='ocrx_word' id='word_1_1' title='bbox 539 412 579 462; x_wconf 84' lang='lat' dir='ltr'><strong>ru</strong></span> <span class='ocrx_word' id='word_1_2' title='bbox 606 412 680 463; x_wconf 68' lang='lat' dir='ltr'><strong>urs:</strong></span> <span class='ocrx_word' id='word_1_3' title='bbox 703 414 746 465; x_wconf 88' lang='grc' dir='ltr'><strong>ιι.</strong></span> <span class='ocrx_word' id='word_1_4' title='bbox 771 413 989 464; x_wconf 74' lang='lat' dir='ltr'><strong>tunsurus.</strong></span> <span class='ocrx_word' id='word_1_5' title='bbox 1225 399 1313 468; x_wconf 80' lang='grc'><strong>4467</strong></span> 
     </span>
    </p>
   </div>
   <div class='ocr_carea' id='block_1_2' title="bbox 754 640 778 689">
    <p class='ocr_par' dir='ltr' id='par_1_2' title="bbox 754 640 778 689">
     <span class='ocr_line' id='line_1_2' title="bbox 754 640 778 689; baseline 0 0"><span class='ocrx_word' id='word_1_6' title='bbox 754 640 778 689; x_wconf 91' lang='grc' dir='ltr'><strong>Ι.</strong></span> 
     </span>
    </p>
   </div>
   <div class='ocr_carea' id='block_1_3' title="bbox 196 766 1389 4172">
    <p class='ocr_par' dir='ltr' id='par_1_3' title="bbox 196 766 1389 4172">
     <span class='ocr_line' id='line_1_3' title="bbox 247 766 1318 836; baseline 0.004 -18"><span class='ocrx_word' id='word_1_7' title='bbox 247 767 315 819; x_wconf 70' lang='lat' dir='ltr'><strong>esu.</strong></span> <span class='ocrx_word' id='word_1_8' title='bbox 327 770 368 819; x_wconf 76' lang='grc'><strong>33.</strong></span> <span class='ocrx_word' id='word_1_9' title='bbox 387 767 505 831; x_wconf 85' lang='lat' dir='ltr'><strong>Byssina,</strong></span> <span class='ocrx_word' id='word_1_10' title='bbox 521 784 535 818; x_wconf 88' lang='lat' dir='ltr'><strong>e</strong></span> <span class='ocrx_word' id='word_1_11' title='bbox 547 768 616 831; x_wconf 87' lang='lat' dir='ltr'><strong>lino;</strong></span> <span class='ocrx_word' id='word_1_12' title='bbox 633 768 802 835; x_wconf 86' lang='lat' dir='ltr'><strong>Bombycina‚</strong></span> <span class='ocrx_word' id='word_1_13' title='bbox 814 785 829 820; x_wconf 90' lang='lat' dir='ltr'><strong>e</strong></span> <span class='ocrx_word' id='word_1_14' title='bbox 840 783 945 829; x_wconf 87' lang='lat' dir='ltr'><strong>verme;</strong></span> <span class='ocrx_word' id='word_1_15' title='bbox 961 767 1060 830; x_wconf 86' lang='lat' dir='ltr'><strong>Serica,</strong></span> <span class='ocrx_word' id='word_1_16' title='bbox 1071 782 1105 817; x_wconf 87' lang='lat' dir='ltr'><strong>ex</strong></span> <span class='ocrx_word' id='word_1_17' title='bbox 1121 766 1239 818; x_wconf 83' lang='lat' dir='ltr'><strong>arborum</strong></span> <span class='ocrx_word' id='word_1_18' title='bbox 1251 770 1318 836; x_wconf 86' lang='lat' dir='ltr'><strong>lans,</strong></span> 
     </span>
     <span class='ocr_line' id='line_1_4' title="bbox 213 847 1316 923; baseline 0.005 -26"><span class='ocrx_word' id='word_1_19' title='bbox 213 847 352 923; x_wconf 83' lang='lat' dir='ltr'><strong>confectae.</strong></span> <span class='ocrx_word' id='word_1_20' title='bbox 385 849 547 914; x_wconf 77' lang='lat' dir='ltr'><strong>Bombycina</strong></span> <span class='ocrx_word' id='word_1_21' title='bbox 559 850 649 899; x_wconf 87' lang='lat' dir='ltr'><strong>eadem</strong></span> <span class='ocrx_word' id='word_1_22' title='bbox 670 856 711 900; x_wconf 89' lang='lat' dir='ltr'><strong>est</strong></span> <span class='ocrx_word' id='word_1_23' title='bbox 723 867 782 901; x_wconf 91' lang='lat' dir='ltr'><strong>cum</strong></span> <span class='ocrx_word' id='word_1_24' title='bbox 794 851 847 901; x_wconf 82' lang='lat' dir='ltr'><strong>Cea</strong></span> <span class='ocrx_word' id='word_1_25' title='bbox 866 852 919 900; x_wconf 89' lang='lat' dir='ltr'><strong>sive</strong></span> <span class='ocrx_word' id='word_1_26' title='bbox 941 849 1088 915; x_wconf 58' lang='lat' dir='ltr'><strong>Coa,(nihil</strong></span> <span class='ocrx_word' id='word_1_27' title='bbox 1105 851 1172 898; x_wconf 89' lang='lat' dir='ltr'><strong>enirn</strong></span> <span class='ocrx_word' id='word_1_28' title='bbox 1194 851 1316 917; x_wconf 87' lang='lat' dir='ltr'><strong>interest)</strong></span> 
     </span>
     <span class='ocr_line' id='line_1_5' title="bbox 212 928 1317 999; baseline 0.003 -17"><span class='ocrx_word' id='word_1_29' title='bbox 212 940 352 998; x_wconf 82' lang='lat' dir='ltr'><strong>manetque</strong></span> <span class='ocrx_word' id='word_1_30' title='bbox 373 932 464 983; x_wconf 87' lang='lat' dir='ltr'><strong>hodie:</strong></span> <span class='ocrx_word' id='word_1_31' title='bbox 483 934 638 999; x_wconf 89' lang='lat' dir='ltr'><strong>reliquarum</strong></span> <span class='ocrx_word' id='word_1_32' title='bbox 658 935 720 983; x_wconf 86' lang='lat' dir='ltr'>nihil</span> <span class='ocrx_word' id='word_1_33' title='bbox 742 941 862 998; x_wconf 80' lang='lat' dir='ltr'><strong>superest</strong></span> <span class='ocrx_word' id='word_1_34' title='bbox 879 941 975 997; x_wconf 87' lang='lat' dir='ltr'><strong>praeter</strong></span> <span class='ocrx_word' id='word_1_35' title='bbox 996 948 1096 982; x_wconf 91' lang='lat' dir='ltr'><strong>nornen.</strong></span> <span class='ocrx_word' id='word_1_36' title='bbox 1129 935 1238 997; x_wconf 87' lang='lat' dir='ltr'><strong>Byssuns</strong></span> <span class='ocrx_word' id='word_1_37' title='bbox 1258 928 1317 985; x_wconf 76' lang='lat' dir='ltr'><strong>curii</strong></span> 
     </span>
     <span class='ocr_line' id='line_1_6' title="bbox 213 1013 1318 1078; baseline 0.004 -16"><span class='ocrx_word' id='word_1_38' title='bbox 213 1013 311 1078; x_wconf 88' lang='lat' dir='ltr'><strong>Serico,</strong></span> <span class='ocrx_word' id='word_1_39' title='bbox 321 1014 441 1078; x_wconf 87' lang='lat' dir='ltr'><strong>imperite</strong></span> <span class='ocrx_word' id='word_1_40' title='bbox 453 1013 589 1064; x_wconf 88' lang='lat' dir='ltr'><strong>confundit</strong></span> <span class='ocrx_word' id='word_1_41' title='bbox 609 1016 782 1064; x_wconf 83' lang='lat' dir='ltr'><strong>Philostratus</strong></span> <span class='ocrx_word' id='word_1_42' title='bbox 804 1015 868 1064; x_wconf 91' lang='lat' dir='ltr'><strong>libro</strong></span> <span class='ocrx_word' id='word_1_43' title='bbox 890 1030 921 1066; x_wconf 89' lang='grc' dir='ltr'><strong>ιι.</strong></span> <span class='ocrx_word' id='word_1_44' title='bbox 944 1021 971 1064; x_wconf 94' lang='lat' dir='ltr'><strong>et</strong></span> <span class='ocrx_word' id='word_1_45' title='bbox 990 1016 1044 1064; x_wconf 87' lang='lat' dir='ltr'><strong>vult</strong></span> <span class='ocrx_word' id='word_1_46' title='bbox 1064 1030 1096 1064; x_wconf 83' lang='lat' dir='ltr'><strong>ex</strong></span> <span class='ocrx_word' id='word_1_47' title='bbox 1116 1017 1208 1065; x_wconf 84' lang='lat' dir='ltr'><strong>arbore</strong></span> <span class='ocrx_word' id='word_1_48' title='bbox 1227 1016 1318 1066; x_wconf 82' lang='lat' dir='ltr'><strong>Indica</strong></span> 
     </span>
     <span class='ocr_line' id='line_1_7' title="bbox 213 1094 1318 1165; baseline 0.003 -22"><span class='ocrx_word' id='word_1_49' title='bbox 213 1095 295 1157; x_wconf 89' lang='lat' dir='ltr'><strong>nasci,</strong></span> <span class='ocrx_word' id='word_1_50' title='bbox 316 1111 374 1161; x_wconf 79' lang='lat' dir='ltr'><strong>quae</strong></span> <span class='ocrx_word' id='word_1_51' title='bbox 394 1096 657 1165; x_wconf 26' lang='lat' dir='ltr'><strong>altitudine-quidem</strong></span> <span class='ocrx_word' id='word_1_52' title='bbox 680 1097 793 1160; x_wconf 87' lang='lat' dir='ltr'><strong>populos</strong></span> <span class='ocrx_word' id='word_1_53' title='bbox 810 1102 905 1162; x_wconf 82' lang='lat' dir='ltr'><strong>aequet,</strong></span> <span class='ocrx_word' id='word_1_54' title='bbox 925 1094 992 1145; x_wconf 90' lang='lat' dir='ltr'><strong>foliis</strong></span> <span class='ocrx_word' id='word_1_55' title='bbox 1016 1096 1088 1144; x_wconf 81' lang='lat' dir='ltr'><strong>salici</strong></span> <span class='ocrx_word' id='word_1_56' title='bbox 1109 1111 1159 1144; x_wconf 93' lang='lat' dir='ltr'><strong>nou</strong></span> <span class='ocrx_word' id='word_1_57' title='bbox 1182 1095 1318 1147; x_wconf 74' lang='lat' dir='ltr'><strong>absimilis.</strong></span> 
     </span>
     <span class='ocr_line' id='line_1_8' title="bbox 211 1175 1318 1242; baseline 0.002 -18"><span class='ocrx_word' id='word_1_58' title='bbox 211 1175 329 1225; x_wconf 80' lang='lat' dir='ltr'>Sericum</span> <span class='ocrx_word' id='word_1_59' title='bbox 350 1176 480 1227; x_wconf 83' lang='lat' dir='ltr'><strong>debuisset</strong></span> <span class='ocrx_word' id='word_1_60' title='bbox 501 1177 597 1229; x_wconf 81' lang='lat' dir='ltr'><strong>dicere.</strong></span> <span class='ocrx_word' id='word_1_61' title='bbox 632 1178 698 1227; x_wconf 89' lang='lat' dir='ltr'><strong>Nam</strong></span> <span class='ocrx_word' id='word_1_62' title='bbox 716 1179 815 1242; x_wconf 87' lang='lat' dir='ltr'><strong>Byssus</strong></span> <span class='ocrx_word' id='word_1_63' title='bbox 835 1194 849 1227; x_wconf 92' lang='lat' dir='ltr'><strong>e</strong></span> <span class='ocrx_word' id='word_1_64' title='bbox 870 1185 939 1226; x_wconf 87' lang='lat' dir='ltr'><strong>terra</strong></span> <span class='ocrx_word' id='word_1_65' title='bbox 957 1177 1071 1241; x_wconf 80' lang='lat' dir='ltr'><strong>gignitur</strong></span> <span class='ocrx_word' id='word_1_66' title='bbox 1088 1183 1116 1224; x_wconf 92' lang='lat' dir='ltr'><strong>ut</strong></span> <span class='ocrx_word' id='word_1_67' title='bbox 1137 1177 1227 1239; x_wconf 90' lang='lat' dir='ltr'><strong>linum,</strong></span> <span class='ocrx_word' id='word_1_68' title='bbox 1247 1178 1318 1226; x_wconf 88' lang='lat' dir='ltr'><strong>circa</strong></span> 
     </span>
     <span class='ocr_line' id='line_1_9' title="bbox 215 1256 1319 1325; baseline 0.004 -20"><span class='ocrx_word' id='word_1_69' title='bbox 215 1256 318 1306; x_wconf 90' lang='lat' dir='ltr'><strong>Elidem</strong></span> <span class='ocrx_word' id='word_1_70' title='bbox 338 1259 480 1325; x_wconf 82' lang='lat' dir='ltr'><strong>praecipue,¹</strong></span> <span class='ocrx_word' id='word_1_71' title='bbox 489 1258 594 1308; x_wconf 76' lang='lat' dir='ltr'><strong>Achaiae</strong></span> <span class='ocrx_word' id='word_1_72' title='bbox 615 1259 713 1308; x_wconf 88' lang='lat' dir='ltr'><strong>urbem.</strong></span> <span class='ocrx_word' id='word_1_73' title='bbox 747 1260 845 1308; x_wconf 84' lang='lat' dir='ltr'><strong>Eadem</strong></span> <span class='ocrx_word' id='word_1_74' title='bbox 859 1258 988 1322; x_wconf 87' lang='lat' dir='ltr'><strong>imperitis</strong></span> <span class='ocrx_word' id='word_1_75' title='bbox 998 1258 1319 1320; x_wconf 86' lang='lat' dir='ltr'><strong>Bombycinam,Sericam</strong></span> 
     </span>
     <span class='ocr_line' id='line_1_10' title="bbox 214 1336 1319 1411; baseline 0.003 -24"><span class='ocrx_word' id='word_1_76' title='bbox 214 1336 278 1388; x_wconf 87' lang='lat' dir='ltr'><strong>facit</strong></span> <span class='ocrx_word' id='word_1_77' title='bbox 294 1339 439 1411; x_wconf 80' lang='lat' dir='ltr'><strong>Isidorusl.</strong></span> <span class='ocrx_word' id='word_1_78' title='bbox 453 1356 514 1391; x_wconf 84' lang='lat' dir='ltr'><strong>xix.</strong></span> <span class='ocrx_word' id='word_1_79' title='bbox 547 1342 574 1390; x_wconf 91' lang='lat' dir='ltr'><strong>Si</strong></span> <span class='ocrx_word' id='word_1_80' title='bbox 594 1349 680 1399; x_wconf 86' lang='lat' dir='ltr'><strong>tamen</strong></span> <span class='ocrx_word' id='word_1_81' title='bbox 691 1342 823 1406; x_wconf 87' lang='lat' dir='ltr'><strong>imperitia</strong></span> <span class='ocrx_word' id='word_1_82' title='bbox 833 1349 882 1404; x_wconf 88' lang='lat' dir='ltr'><strong>est,</strong></span> <span class='ocrx_word' id='word_1_83' title='bbox 894 1349 923 1390; x_wconf 89' lang='lat' dir='ltr'><strong>et</strong></span> <span class='ocrx_word' id='word_1_84' title='bbox 933 1356 983 1390; x_wconf 90' lang='lat' dir='ltr'><strong>non</strong></span> <span class='ocrx_word' id='word_1_85' title='bbox 996 1348 1105 1404; x_wconf 89' lang='lat' dir='ltr'><strong>recepta</strong></span> <span class='ocrx_word' id='word_1_86' title='bbox 1116 1340 1203 1403; x_wconf 90' lang='lat' dir='ltr'><strong>opinio</strong></span> <span class='ocrx_word' id='word_1_87' title='bbox 1213 1339 1319 1391; x_wconf 89' lang='lat' dir='ltr'><strong>iuferio-</strong></span> 
     </span>
     <span class='ocr_line' id='line_1_11' title="bbox 212 1419 1318 1485; baseline 0.003 -17"><span class='ocrx_word' id='word_1_88' title='bbox 212 1419 248 1468; x_wconf 93' lang='lat' dir='ltr'><strong>ris</strong></span> <span class='ocrx_word' id='word_1_89' title='bbox 261 1420 319 1469; x_wconf 89' lang='lat' dir='ltr'><strong>aeri.</strong></span> <span class='ocrx_word' id='word_1_90' title='bbox 354 1421 422 1469; x_wconf 88' lang='lat' dir='ltr'><strong>Nam</strong></span> <span class='ocrx_word' id='word_1_91' title='bbox 442 1430 469 1471; x_wconf 93' lang='lat' dir='ltr'><strong>et</strong></span> <span class='ocrx_word' id='word_1_92' title='bbox 481 1423 596 1471; x_wconf 78' lang='lat' dir='ltr'><strong>Zonaras</strong></span> <span class='ocrx_word' id='word_1_93' title='bbox 614 1423 640 1471; x_wconf 96' lang='lat' dir='ltr'><strong>in</strong></span> <span class='ocrx_word' id='word_1_94' title='bbox 649 1423 791 1483; x_wconf 86' lang='lat' dir='ltr'><strong>Justiniani</strong></span> <span class='ocrx_word' id='word_1_95' title='bbox 803 1423 855 1472; x_wconf 85' lang='lat' dir='ltr'><strong>vita</strong></span> <span class='ocrx_word' id='word_1_96' title='bbox 867 1422 968 1485; x_wconf 86' lang='lat' dir='ltr'><strong>scribit,</strong></span> <span class='ocrx_word' id='word_1_97' title='bbox 978 1421 986 1448; x_wconf 85' lang='lat'>‘</span> <span class='ocrx_word' id='word_1_98' title='bbox 998 1423 1054 1485; x_wconf 88' lang='lat' dir='ltr'><strong>ejus</strong></span> <span class='ocrx_word' id='word_1_99' title='bbox 1063 1421 1221 1484; x_wconf 82' lang='lat' dir='ltr'><strong>temporibus</strong></span> <span class='ocrx_word' id='word_1_100' title='bbox 1238 1423 1318 1471; x_wconf 90' lang='lat' dir='ltr'><strong>telam</strong></span> 
     </span>
     <span class='ocr_line' id='line_1_12' title="bbox 214 1502 1319 1571; baseline 0.005 -22"><span class='ocrx_word' id='word_1_101' title='bbox 214 1502 324 1551; x_wconf 87' lang='lat' dir='ltr'><strong>sericam</strong></span> <span class='ocrx_word' id='word_1_102' title='bbox 336 1517 351 1550; x_wconf 83' lang='lat' dir='ltr'><strong>s</strong></span> <span class='ocrx_word' id='word_1_103' title='bbox 363 1503 485 1552; x_wconf 86' lang='lat' dir='ltr'><strong>Romanis</strong></span> <span class='ocrx_word' id='word_1_104' title='bbox 502 1505 539 1570; x_wconf 92' lang='lat' dir='ltr'><strong>[id</strong></span> <span class='ocrx_word' id='word_1_105' title='bbox 558 1511 608 1568; x_wconf 89' lang='lat' dir='ltr'><strong>est,</strong></span> <span class='ocrx_word' id='word_1_106' title='bbox 621 1506 721 1556; x_wconf 83' lang='lat' dir='ltr'><strong>Graecis</strong></span> <span class='ocrx_word' id='word_1_107' title='bbox 740 1505 905 1569; x_wconf 85' lang='lat' dir='ltr'><strong>Byzantinis]</strong></span> <span class='ocrx_word' id='word_1_108' title='bbox 924 1505 978 1554; x_wconf 84' lang='lat' dir='ltr'><strong>texi</strong></span> <span class='ocrx_word' id='word_1_109' title='bbox 999 1510 1119 1571; x_wconf 83' lang='lat' dir='ltr'><strong>coeptam,</strong></span> <span class='ocrx_word' id='word_1_110' title='bbox 1138 1518 1197 1551; x_wconf 89' lang='lat' dir='ltr'><strong>curn</strong></span> <span class='ocrx_word' id='word_1_111' title='bbox 1214 1510 1319 1554; x_wconf 80' lang='lat' dir='ltr'><strong>antean</strong></span> 
     </span>
     <span class='ocr_line' id='line_1_13' title="bbox 212 1573 1319 1654; baseline 0.004 -22"><span class='ocrx_word' id='word_1_112' title='bbox 212 1583 328 1633; x_wconf 80' lang='lat' dir='ltr'><strong>Persicis</strong></span> <span class='ocrx_word' id='word_1_113' title='bbox 339 1587 524 1636; x_wconf 87' lang='lat' dir='ltr'><strong>mercatoribus</strong></span> <span class='ocrx_word' id='word_1_114' title='bbox 538 1596 637 1638; x_wconf 89' lang='lat' dir='ltr'><strong>tanturn</strong></span> <span class='ocrx_word' id='word_1_115' title='bbox 655 1588 848 1654; x_wconf 85' lang='lat' dir='ltr'><strong>importaretur,</strong></span> <span class='ocrx_word' id='word_1_116' title='bbox 860 1603 909 1638; x_wconf 88' lang='lat' dir='ltr'><strong>nec</strong></span> <span class='ocrx_word' id='word_1_117' title='bbox 920 1573 1029 1637; x_wconf 86' lang='lat' dir='ltr'><strong>Romani</strong></span> <span class='ocrx_word' id='word_1_118' title='bbox 1041 1586 1136 1634; x_wconf 91' lang='lat' dir='ltr'><strong>scirent</strong></span> <span class='ocrx_word' id='word_1_119' title='bbox 1147 1584 1191 1633; x_wconf 89' lang='lat' dir='ltr'><strong>fila</strong></span> <span class='ocrx_word' id='word_1_120' title='bbox 1201 1585 1246 1633; x_wconf 87' lang='lat' dir='ltr'><strong>illa</strong></span> <span class='ocrx_word' id='word_1_121' title='bbox 1261 1599 1319 1636; x_wconf 84' lang='lat' dir='ltr'><strong>esse</strong></span> 
     </span>
     <span class='ocr_line' id='line_1_14' title="bbox 213 1654 1319 1734; baseline 0.004 -21"><span class='ocrx_word' id='word_1_122' title='bbox 213 1666 358 1718; x_wconf 64' lang='lat' dir='ltr'><strong>vermium!</strong></span> <span class='ocrx_word' id='word_1_123' title='bbox 392 1671 428 1719; x_wconf 94' lang='lat' dir='ltr'><strong>Et</strong></span> <span class='ocrx_word' id='word_1_124' title='bbox 439 1669 513 1719; x_wconf 88' lang='lat' dir='ltr'><strong>addit</strong></span> <span class='ocrx_word' id='word_1_125' title='bbox 525 1669 588 1720; x_wconf 89' lang='lat' dir='ltr'><strong>duos</strong></span> <span class='ocrx_word' id='word_1_126' title='bbox 600 1674 738 1723; x_wconf 90' lang='lat' dir='ltr'><strong>monachos</strong></span> <span class='ocrx_word' id='word_1_127' title='bbox 750 1689 799 1723; x_wconf 86' lang='lat' dir='ltr'><strong>ora</strong></span> <span class='ocrx_word' id='word_1_128' title='bbox 809 1674 853 1723; x_wconf 83' lang='lat' dir='ltr'><strong>illa</strong></span> <span class='ocrx_word' id='word_1_129' title='bbox 864 1654 988 1722; x_wconf 76' lang='lat' dir='ltr'><strong>vermium</strong></span> <span class='ocrx_word' id='word_1_130' title='bbox 1000 1686 1032 1720; x_wconf 83' lang='lat' dir='ltr'><strong>ex</strong></span> <span class='ocrx_word' id='word_1_131' title='bbox 1051 1670 1126 1729; x_wconf 78' lang='lat' dir='ltr'><strong>India</strong></span> <span class='ocrx_word' id='word_1_132' title='bbox 1144 1669 1272 1734; x_wconf 84' lang='lat' dir='ltr'><strong>attulisse,</strong></span> <span class='ocrx_word' id='word_1_133' title='bbox 1291 1675 1319 1718; x_wconf 92' lang='lat' dir='ltr'><strong>et</strong></span> 
     </span>
     <span class='ocr_line' id='line_1_15' title="bbox 196 1747 1319 1816; baseline 0.001 -17"><span class='ocrx_word' id='word_1_134' title='bbox 196 1749 278 1799; x_wconf 73' lang='lat' dir='ltr'><strong>,mori</strong></span> <span class='ocrx_word' id='word_1_135' title='bbox 298 1747 367 1799; x_wconf 89' lang='lat' dir='ltr'><strong>foliis</strong></span> <span class='ocrx_word' id='word_1_136' title='bbox 388 1752 527 1816; x_wconf 87' lang='lat' dir='ltr'><strong>aluisse,et</strong></span> <span class='ocrx_word' id='word_1_137' title='bbox 546 1753 606 1803; x_wconf 91' lang='lat' dir='ltr'><strong>inde</strong></span> <span class='ocrx_word' id='word_1_138' title='bbox 627 1754 736 1804; x_wconf 90' lang='lat' dir='ltr'><strong>sericum</strong></span> <span class='ocrx_word' id='word_1_139' title='bbox 756 1754 906 1805; x_wconf 84' lang='lat' dir='ltr'><strong>confecisse.</strong></span> <span class='ocrx_word' id='word_1_140' title='bbox 941 1753 1010 1804; x_wconf 88' lang='lat' dir='ltr'><strong>Otho</strong></span> <span class='ocrx_word' id='word_1_141' title='bbox 1023 1753 1085 1801; x_wconf 89' lang='lat' dir='ltr'><strong>item</strong></span> <span class='ocrx_word' id='word_1_142' title='bbox 1102 1750 1274 1815; x_wconf 84' lang='lat' dir='ltr'><strong>Frisingensis</strong></span> <span class='ocrx_word' id='word_1_143' title='bbox 1291 1751 1319 1800; x_wconf 93' lang='lat' dir='ltr'><strong>in</strong></span> 
     </span>
     <span class='ocr_line' id='line_1_16' title="bbox 213 1831 1319 1898; baseline 0.002 -18"><span class='ocrx_word' id='word_1_144' title='bbox 213 1831 323 1881; x_wconf 85' lang='lat' dir='ltr'><strong>historia</strong></span> <span class='ocrx_word' id='word_1_145' title='bbox 336 1832 460 1883; x_wconf 87' lang='lat' dir='ltr'><strong>Friderici</strong></span> <span class='ocrx_word' id='word_1_146' title='bbox 472 1833 490 1884; x_wconf 84' lang='lat' dir='ltr'><strong>l.</strong></span> <span class='ocrx_word' id='word_1_147' title='bbox 503 1849 523 1884; x_wconf 90' lang='lat'><strong>1.</strong></span> <span class='ocrx_word' id='word_1_148' title='bbox 533 1835 570 1883; x_wconf 87' lang='lat' dir='ltr'><strong>air</strong></span> <span class='ocrx_word' id='word_1_149' title='bbox 582 1835 739 1886; x_wconf 79' lang='lat' dir='ltr'><strong>hodericum</strong></span> <span class='ocrx_word' id='word_1_150' title='bbox 751 1837 864 1885; x_wconf 87' lang='lat' dir='ltr'><strong>Siculum</strong></span> <span class='ocrx_word' id='word_1_151' title='bbox 876 1834 1031 1898; x_wconf 84' lang='lat' dir='ltr'><strong>expugnatis</strong></span> <span class='ocrx_word' id='word_1_152' title='bbox 1043 1833 1067 1881; x_wconf 93' lang='lat' dir='ltr'><strong>in</strong></span> <span class='ocrx_word' id='word_1_153' title='bbox 1078 1832 1180 1881; x_wconf 85' lang='lat' dir='ltr'><strong>Graecia</strong></span> <span class='ocrx_word' id='word_1_154' title='bbox 1199 1831 1319 1893; x_wconf 86' lang='lat' dir='ltr'><strong>Athenis,</strong></span> 
     </span>
     <span class='ocr_line' id='line_1_17' title="bbox 215 1913 1319 1982; baseline -0.005 -18"><span class='ocrx_word' id='word_1_155' title='bbox 215 1913 350 1976; x_wconf 87' lang='lat' dir='ltr'><strong>Corintho,</strong></span> <span class='ocrx_word' id='word_1_156' title='bbox 360 1914 467 1977; x_wconf 88' lang='lat' dir='ltr'><strong>Thebis,</strong></span> <span class='ocrx_word' id='word_1_157' title='bbox 485 1915 591 1980; x_wconf 88' lang='lat' dir='ltr'><strong>opifices</strong></span> <span class='ocrx_word' id='word_1_158' title='bbox 604 1918 647 1981; x_wconf 91' lang='lat' dir='ltr'><strong>qni</strong></span> <span class='ocrx_word' id='word_1_159' title='bbox 665 1918 762 1969; x_wconf 90' lang='lat' dir='ltr'><strong>sericos</strong></span> <span class='ocrx_word' id='word_1_160' title='bbox 782 1932 881 1982; x_wconf 86' lang='lat' dir='ltr'><strong>pannos</strong></span> <span class='ocrx_word' id='word_1_161' title='bbox 900 1916 1026 1968; x_wconf 86' lang='lat' dir='ltr'><strong>texebant</strong></span> <span class='ocrx_word' id='word_1_162' title='bbox 1037 1914 1175 1964; x_wconf 85' lang='lat' dir='ltr'><strong>deduxisse</strong></span> <span class='ocrx_word' id='word_1_163' title='bbox 1192 1914 1319 1977; x_wconf 83' lang='lat' dir='ltr'><strong>captivos,</strong></span> 
     </span>
     <span class='ocr_line' id='line_1_18' title="bbox 213 1994 1320 2062; baseline 0.001 -19"><span class='ocrx_word' id='word_1_164' title='bbox 213 1999 241 2043; x_wconf 93' lang='lat' dir='ltr'><strong>et</strong></span> <span class='ocrx_word' id='word_1_165' title='bbox 253 1994 279 2042; x_wconf 92' lang='lat' dir='ltr'><strong>in</strong></span> <span class='ocrx_word' id='word_1_166' title='bbox 289 1994 385 2044; x_wconf 80' lang='lat' dir='ltr'><strong>Siciliae</strong></span> <span class='ocrx_word' id='word_1_167' title='bbox 396 1995 460 2045; x_wconf 91' lang='lat' dir='ltr'><strong>urbe</strong></span> <span class='ocrx_word' id='word_1_168' title='bbox 471 1998 590 2047; x_wconf 88' lang='lat' dir='ltr'><strong>Palermo</strong></span> <span class='ocrx_word' id='word_1_169' title='bbox 602 1997 755 2059; x_wconf 56' lang='lat' dir='ltr'><strong>collocasse„</strong></span> <span class='ocrx_word' id='word_1_170' title='bbox 784 1999 850 2049; x_wconf 88' lang='lat' dir='ltr'><strong>lude</strong></span> <span class='ocrx_word' id='word_1_171' title='bbox 860 1997 958 2049; x_wconf 86' lang='lat' dir='ltr'><strong>factum</strong></span> <span class='ocrx_word' id='word_1_172' title='bbox 970 2004 1083 2062; x_wconf 91' lang='lat' dir='ltr'><strong>utquam</strong></span> <span class='ocrx_word' id='word_1_173' title='bbox 1097 1994 1236 2045; x_wconf 80' lang='lat' dir='ltr'><strong>textrinam</strong></span> <span class='ocrx_word' id='word_1_174' title='bbox 1247 1995 1320 2059; x_wconf 89' lang='lat' dir='ltr'><strong>prius</strong></span> 
     </span>
     <span class='ocr_line' id='line_1_19' title="bbox 214 2072 1320 2143; baseline 0 -19"><span class='ocrx_word' id='word_1_175' title='bbox 214 2075 262 2124; x_wconf 89' lang='lat' dir='ltr'><strong>soli</strong></span> <span class='ocrx_word' id='word_1_176' title='bbox 275 2075 363 2125; x_wconf 75' lang='lat' dir='ltr'><strong>Graeci</strong></span> <span class='ocrx_word' id='word_1_177' title='bbox 374 2076 442 2126; x_wconf 90' lang='lat' dir='ltr'><strong>inter</strong></span> <span class='ocrx_word' id='word_1_178' title='bbox 453 2077 611 2128; x_wconf 85' lang='lat' dir='ltr'><strong>Christianos</strong></span> <span class='ocrx_word' id='word_1_179' title='bbox 622 2079 768 2143; x_wconf 85' lang='lat' dir='ltr'><strong>habuerint,</strong></span> <span class='ocrx_word' id='word_1_180' title='bbox 786 2095 844 2130; x_wconf 87' lang='lat' dir='ltr'><strong>cum</strong></span> <span class='ocrx_word' id='word_1_181' title='bbox 863 2079 984 2129; x_wconf 86' lang='lat' dir='ltr'><strong>Romanis</strong></span> <span class='ocrx_word' id='word_1_182' title='bbox 995 2072 1189 2127; x_wconf 72' lang='lat' dir='ltr'><strong>&#39;communicata</strong></span> <span class='ocrx_word' id='word_1_183' title='bbox 1200 2076 1234 2125; x_wconf 90' lang='lat' dir='ltr'><strong>sit</strong></span> <span class='ocrx_word' id='word_1_184' title='bbox 1248 2075 1320 2140; x_wconf 85' lang='lat' dir='ltr'><strong>inge·</strong></span> 
     </span>
     <span class='ocr_line' id='line_1_20' title="bbox 214 2156 1320 2223; baseline 0.001 -19"><span class='ocrx_word' id='word_1_185' title='bbox 214 2156 272 2206; x_wconf 90' lang='lat' dir='ltr'><strong>uiis.</strong></span> <span class='ocrx_word' id='word_1_186' title='bbox 305 2156 365 2206; x_wconf 90' lang='lat' dir='ltr'><strong>Nec</strong></span> <span class='ocrx_word' id='word_1_187' title='bbox 376 2158 517 2208; x_wconf 85' lang='lat' dir='ltr'><strong>abhorrent</strong></span> <span class='ocrx_word' id='word_1_188' title='bbox 529 2159 561 2208; x_wconf 89' lang='lat' dir='ltr'><strong>ab</strong></span> <span class='ocrx_word' id='word_1_189' title='bbox 574 2160 621 2208; x_wconf 87' lang='lat' dir='ltr'><strong>hac</strong></span> <span class='ocrx_word' id='word_1_190' title='bbox 633 2161 925 2223; x_wconf 86' lang='lat' dir='ltr'><strong>sententiaPausanias‚</strong></span> <span class='ocrx_word' id='word_1_191' title='bbox 932 2160 1035 2221; x_wconf 87' lang='lat' dir='ltr'><strong>Pollux,</strong></span> <span class='ocrx_word' id='word_1_192' title='bbox 1043 2158 1157 2208; x_wconf 88' lang='lat' dir='ltr'><strong>Servius.</strong></span> <span class='ocrx_word' id='word_1_193' title='bbox 1190 2156 1227 2206; x_wconf 89' lang='lat' dir='ltr'><strong>At</strong></span> <span class='ocrx_word' id='word_1_194' title='bbox 1238 2157 1320 2221; x_wconf 86' lang='lat' dir='ltr'><strong>magis</strong></span> 
     </span>
     <span class='ocr_line' id='line_1_21' title="bbox 214 2232 1320 2302; baseline 0.001 -16"><span class='ocrx_word' id='word_1_195' title='bbox 214 2243 318 2287; x_wconf 83' lang='lat' dir='ltr'><strong>veteres</strong></span> <span class='ocrx_word' id='word_1_196' title='bbox 329 2237 507 2289; x_wconf 85' lang='lat' dir='ltr'><strong>discriminant</strong></span> <span class='ocrx_word' id='word_1_197' title='bbox 524 2241 610 2290; x_wconf 85' lang='lat' dir='ltr'><strong>clare:</strong></span> <span class='ocrx_word' id='word_1_198' title='bbox 629 2247 656 2290; x_wconf 86' lang='lat' dir='ltr'><strong>et</strong></span> <span class='ocrx_word' id='word_1_199' title='bbox 676 2232 760 2290; x_wconf 77' lang='lat' dir='ltr'><strong>lainam</strong></span> <span class='ocrx_word' id='word_1_200' title='bbox 778 2242 899 2290; x_wconf 88' lang='lat' dir='ltr'><strong>arborum</strong></span> <span class='ocrx_word' id='word_1_201' title='bbox 918 2255 975 2291; x_wconf 89' lang='lat' dir='ltr'><strong>esse</strong></span> <span class='ocrx_word' id='word_1_202' title='bbox 997 2240 1111 2289; x_wconf 86' lang='lat' dir='ltr'><strong>Sericum</strong></span> <span class='ocrx_word' id='word_1_203' title='bbox 1128 2238 1231 2300; x_wconf 75' lang='lat' dir='ltr'><strong>solunt,</strong></span> <span class='ocrx_word' id='word_1_204' title='bbox 1250 2237 1320 2302; x_wconf 90' lang='lat' dir='ltr'><strong>apud</strong></span> 
     </span>
     <span class='ocr_line' id='line_1_22' title="bbox 214 2313 1320 2386; baseline 0 -18"><span class='ocrx_word' id='word_1_205' title='bbox 214 2318 293 2371; x_wconf 83' lang='lat' dir='ltr'><strong>Seres</strong></span> <span class='ocrx_word' id='word_1_206' title='bbox 303 2320 392 2370; x_wconf 88' lang='lat' dir='ltr'><strong>Indos.</strong></span> <span class='ocrx_word' id='word_1_207' title='bbox 425 2320 519 2386; x_wconf 86' lang='lat' dir='ltr'><strong>Virgil.</strong></span> <span class='ocrx_word' id='word_1_208' title='bbox 535 2321 543 2348; x_wconf 86' lang='lat'>‘</span> <span class='ocrx_word' id='word_1_209' title='bbox 554 2323 708 2386; x_wconf 85' lang='lat' dir='ltr'><strong>Velleraque</strong></span> <span class='ocrx_word' id='word_1_210' title='bbox 730 2329 759 2371; x_wconf 92' lang='lat' dir='ltr'><strong>ut</strong></span> <span class='ocrx_word' id='word_1_211' title='bbox 779 2321 849 2371; x_wconf 88' lang='lat' dir='ltr'><strong>foliis</strong></span> <span class='ocrx_word' id='word_1_212' title='bbox 866 2322 1007 2386; x_wconf 87' lang='lat' dir='ltr'><strong>depectant</strong></span> <span class='ocrx_word' id='word_1_213' title='bbox 1029 2313 1119 2370; x_wconf 88' lang='lat' dir='ltr'><strong>tenuia</strong></span> <span class='ocrx_word' id='word_1_214' title='bbox 1137 2317 1233 2368; x_wconf 69' lang='lat' dir='ltr'><strong>Seres!</strong></span> <span class='ocrx_word' id='word_1_215' title='bbox 1266 2318 1320 2368; x_wconf 91' lang='lat' dir='ltr'><strong>Pli-</strong></span> 
     </span>
     <span class='ocr_line' id='line_1_23' title="bbox 215 2398 1321 2469; baseline 0.001 -21"><span class='ocrx_word' id='word_1_216' title='bbox 215 2399 287 2450; x_wconf 88' lang='lat' dir='ltr'><strong>nius:</strong></span> <span class='ocrx_word' id='word_1_217' title='bbox 301 2401 309 2428; x_wconf 92' lang='lat'>‘</span> <span class='ocrx_word' id='word_1_218' title='bbox 321 2401 397 2451; x_wconf 83' lang='lat' dir='ltr'><strong>Seres</strong></span> <span class='ocrx_word' id='word_1_219' title='bbox 406 2401 502 2457; x_wconf 88' lang='lat' dir='ltr'><strong>lanicio</strong></span> <span class='ocrx_word' id='word_1_220' title='bbox 513 2402 635 2451; x_wconf 88' lang='lat' dir='ltr'><strong>silvarum</strong></span> <span class='ocrx_word' id='word_1_221' title='bbox 646 2404 754 2467; x_wconf 89' lang='lat' dir='ltr'><strong>nobiles,</strong></span> <span class='ocrx_word' id='word_1_222' title='bbox 774 2401 906 2467; x_wconf 88' lang='lat' dir='ltr'><strong>perfusam</strong></span> <span class='ocrx_word' id='word_1_223' title='bbox 927 2418 993 2469; x_wconf 87' lang='lat' dir='ltr'><strong>aqna</strong></span> <span class='ocrx_word' id='word_1_224' title='bbox 1011 2402 1180 2466; x_wconf 86' lang='lat' dir='ltr'><strong>depectentes</strong></span> <span class='ocrx_word' id='word_1_225' title='bbox 1191 2398 1321 2449; x_wconf 79' lang='lat' dir='ltr'><strong>frondium</strong></span> 
     </span>
     <span class='ocr_line' id='line_1_24' title="bbox 215 2481 1321 2548; baseline -0.002 -17"><span class='ocrx_word' id='word_1_226' title='bbox 215 2482 355 2533; x_wconf 68' lang='lat' dir='ltr'><strong>canitiem!</strong></span> <span class='ocrx_word' id='word_1_227' title='bbox 387 2484 485 2534; x_wconf 89' lang='lat' dir='ltr'><strong>Seneca</strong></span> <span class='ocrx_word' id='word_1_228' title='bbox 503 2485 595 2548; x_wconf 77' lang='lat' dir='ltr'><strong>polita:</strong></span> <span class='ocrx_word' id='word_1_229' title='bbox 614 2485 700 2537; x_wconf 82' lang='lat' dir='ltr'><strong>‘Quae</strong></span> <span class='ocrx_word' id='word_1_230' title='bbox 720 2484 764 2534; x_wconf 87' lang='lat' dir='ltr'><strong>fila</strong></span> <span class='ocrx_word' id='word_1_231' title='bbox 779 2487 856 2534; x_wconf 88' lang='lat' dir='ltr'><strong>ramis</strong></span> <span class='ocrx_word' id='word_1_232' title='bbox 869 2485 952 2534; x_wconf 90' lang='lat' dir='ltr'><strong>ultimi</strong></span> <span class='ocrx_word' id='word_1_233' title='bbox 971 2485 1048 2533; x_wconf 88' lang='lat' dir='ltr'><strong>Seres</strong></span> <span class='ocrx_word' id='word_1_234' title='bbox 1069 2481 1174 2545; x_wconf 70' lang='lat' dir='ltr'><strong>legum!</strong></span> <span class='ocrx_word' id='word_1_235' title='bbox 1208 2482 1321 2531; x_wconf 86' lang='lat' dir='ltr'><strong>Marcel-</strong></span> 
     </span>
     <span class='ocr_line' id='line_1_25' title="bbox 212 2561 1320 2628; baseline -0.001 -17"><span class='ocrx_word' id='word_1_236' title='bbox 212 2562 282 2612; x_wconf 86' lang='lat' dir='ltr'><strong>linus</strong></span> <span class='ocrx_word' id='word_1_237' title='bbox 304 2563 416 2613; x_wconf 84' lang='lat' dir='ltr'><strong>l.xxrrr.</strong></span> <span class='ocrx_word' id='word_1_238' title='bbox 442 2564 540 2627; x_wconf 85' lang='lat' dir='ltr'><strong>‘Apud</strong></span> <span class='ocrx_word' id='word_1_239' title='bbox 558 2565 633 2614; x_wconf 86' lang='lat' dir='ltr'><strong>Seras</strong></span> <span class='ocrx_word' id='word_1_240' title='bbox 657 2565 799 2614; x_wconf 86' lang='lat' dir='ltr'><strong>sublucidae</strong></span> <span class='ocrx_word' id='word_1_241' title='bbox 823 2566 907 2628; x_wconf 88' lang='lat' dir='ltr'><strong>silvae,</strong></span> <span class='ocrx_word' id='word_1_242' title='bbox 933 2565 959 2613; x_wconf 94' lang='lat' dir='ltr'><strong>in</strong></span> <span class='ocrx_word' id='word_1_243' title='bbox 982 2564 1075 2628; x_wconf 91' lang='lat' dir='ltr'><strong>quibus</strong></span> <span class='ocrx_word' id='word_1_244' title='bbox 1098 2562 1217 2612; x_wconf 87' lang='lat' dir='ltr'><strong>arborum</strong></span> <span class='ocrx_word' id='word_1_245' title='bbox 1243 2561 1320 2611; x_wconf 84' lang='lat' dir='ltr'><strong>foetos</strong></span> 
     </span>
     <span class='ocr_line' id='line_1_26' title="bbox 215 2644 1389 2711; baseline -0.004 -17"><span class='ocrx_word' id='word_1_246' title='bbox 215 2659 341 2709; x_wconf 82' lang='lat' dir='ltr'><strong>aquarum</strong></span> <span class='ocrx_word' id='word_1_247' title='bbox 374 2645 551 2709; x_wconf 81' lang='lat' dir='ltr'><strong>asperginibus</strong></span> <span class='ocrx_word' id='word_1_248' title='bbox 578 2646 675 2695; x_wconf 87' lang='lat' dir='ltr'><strong>crebris</strong></span> <span class='ocrx_word' id='word_1_249' title='bbox 698 2647 769 2695; x_wconf 86' lang='lat' dir='ltr'><strong>velut</strong></span> <span class='ocrx_word' id='word_1_250' title='bbox 794 2645 908 2711; x_wconf 73' lang='lat' dir='ltr'><strong>quaedam</strong></span> <span class='ocrx_word' id='word_1_251' title='bbox 936 2645 1032 2694; x_wconf 88' lang='lat' dir='ltr'><strong>vellera</strong></span> <span class='ocrx_word' id='word_1_252' title='bbox 1060 2644 1214 2705; x_wconf 85' lang='lat' dir='ltr'><strong>mollientes,</strong></span> <span class='ocrx_word' id='word_1_253' title='bbox 1230 2657 1263 2690; x_wconf 84' lang='lat' dir='ltr'><strong>ex</strong></span> <span class='ocrx_word' id='word_1_254' title='bbox 1285 2644 1322 2690; x_wconf 88' lang='lat' dir='ltr'><strong>ls·</strong></span> <span class='ocrx_word' id='word_1_255' title='bbox 1387 2646 1389 2649; x_wconf 56' lang='lat'><em>⁴</em></span> 
     </span>
     <span class='ocr_line' id='line_1_27' title="bbox 215 2727 1322 2792; baseline -0.004 -17"><span class='ocrx_word' id='word_1_256' title='bbox 215 2727 311 2790; x_wconf 79' lang='lat' dir='ltr'><strong>ungine</strong></span> <span class='ocrx_word' id='word_1_257' title='bbox 329 2733 356 2775; x_wconf 90' lang='lat' dir='ltr'><strong>et</strong></span> <span class='ocrx_word' id='word_1_258' title='bbox 377 2727 475 2792; x_wconf 90' lang='lat' dir='ltr'><strong>liquore</strong></span> <span class='ocrx_word' id='word_1_259' title='bbox 505 2728 612 2776; x_wconf 81' lang='lat' dir='ltr'><strong>mixtam</strong></span> <span class='ocrx_word' id='word_1_260' title='bbox 640 2728 814 2777; x_wconf 88' lang='lat' dir='ltr'><strong>subtilitatem</strong></span> <span class='ocrx_word' id='word_1_261' title='bbox 843 2727 1007 2777; x_wconf 88' lang='lat' dir='ltr'><strong>tenerrimam</strong></span> <span class='ocrx_word' id='word_1_262' title='bbox 1035 2731 1152 2789; x_wconf 88' lang='lat' dir='ltr'><strong>pectunt,</strong></span> <span class='ocrx_word' id='word_1_263' title='bbox 1178 2730 1322 2788; x_wconf 88' lang='lat' dir='ltr'><strong>nentesque</strong></span> 
     </span>
     <span class='ocr_line' id='line_1_28' title="bbox 215 2803 1322 2870; baseline -0.003 -13"><span class='ocrx_word' id='word_1_264' title='bbox 215 2807 362 2858; x_wconf 89' lang='lat' dir='ltr'><strong>subtemine</strong></span> <span class='ocrx_word' id='word_1_265' title='bbox 373 2808 514 2858; x_wconf 83' lang='lat' dir='ltr'><strong>conficiunt</strong></span> <span class='ocrx_word' id='word_1_266' title='bbox 524 2808 654 2858; x_wconf 71' lang='lat' dir='ltr'><strong>sericum!</strong></span> <span class='ocrx_word' id='word_1_267' title='bbox 686 2811 729 2859; x_wconf 91' lang='lat' dir='ltr'><strong>De</strong></span> <span class='ocrx_word' id='word_1_268' title='bbox 745 2808 784 2857; x_wconf 89' lang='lat' dir='ltr'><strong>his</strong></span> <span class='ocrx_word' id='word_1_269' title='bbox 795 2808 903 2870; x_wconf 87' lang='lat' dir='ltr'><strong>Seneca,</strong></span> <span class='ocrx_word' id='word_1_270' title='bbox 915 2808 959 2858; x_wconf 91' lang='lat' dir='ltr'><strong>De</strong></span> <span class='ocrx_word' id='word_1_271' title='bbox 970 2805 1204 2857; x_wconf 85' lang='lat' dir='ltr'><strong>beneficiisl.vr1.:</strong></span> <span class='ocrx_word' id='word_1_272' title='bbox 1217 2803 1224 2831; x_wconf 90' lang='lat'>‘</span> <span class='ocrx_word' id='word_1_273' title='bbox 1236 2803 1322 2854; x_wconf 90' lang='lat' dir='ltr'><strong>Video</strong></span> 
     </span>
     <span class='ocr_line' id='line_1_29' title="bbox 215 2881 1322 2954; baseline -0.004 -16"><span class='ocrx_word' id='word_1_274' title='bbox 215 2881 311 2938; x_wconf 77' lang='lat' dir='ltr'><strong>sericas</strong></span> <span class='ocrx_word' id='word_1_275' title='bbox 324 2895 418 2950; x_wconf 88' lang='lat' dir='ltr'><strong>vestes,</strong></span> <span class='ocrx_word' id='word_1_276' title='bbox 430 2889 451 2937; x_wconf 86' lang='lat' dir='ltr'><strong>si</strong></span> <span class='ocrx_word' id='word_1_277' title='bbox 462 2895 548 2938; x_wconf 88' lang='lat' dir='ltr'><strong>vestes</strong></span> <span class='ocrx_word' id='word_1_278' title='bbox 561 2889 684 2939; x_wconf 81' lang='lat' dir='ltr'><strong>vocandae</strong></span> <span class='ocrx_word' id='word_1_279' title='bbox 697 2889 798 2952; x_wconf 90' lang='lat' dir='ltr'><strong>sunt,in</strong></span> <span class='ocrx_word' id='word_1_280' title='bbox 809 2888 900 2953; x_wconf 89' lang='lat' dir='ltr'><strong>quibus</strong></span> <span class='ocrx_word' id='word_1_281' title='bbox 912 2889 975 2938; x_wconf 91' lang='lat' dir='ltr'><strong>nihil</strong></span> <span class='ocrx_word' id='word_1_282' title='bbox 986 2896 1027 2938; x_wconf 90' lang='lat' dir='ltr'><strong>est</strong></span> <span class='ocrx_word' id='word_1_283' title='bbox 1038 2903 1088 2954; x_wconf 90' lang='lat' dir='ltr'><strong>quo</strong></span> <span class='ocrx_word' id='word_1_284' title='bbox 1100 2885 1206 2937; x_wconf 88' lang='lat' dir='ltr'><strong>defendi</strong></span> <span class='ocrx_word' id='word_1_285' title='bbox 1217 2900 1322 2950; x_wconf 89' lang='lat' dir='ltr'><strong>corpus,</strong></span> 
     </span>
     <span class='ocr_line' id='line_1_30' title="bbox 215 2966 1322 3035; baseline -0.005 -15"><span class='ocrx_word' id='word_1_286' title='bbox 215 2975 260 3020; x_wconf 81' lang='lat' dir='ltr'><strong>aut</strong></span> <span class='ocrx_word' id='word_1_287' title='bbox 279 2969 390 3034; x_wconf 89' lang='lat' dir='ltr'><strong>deniqne</strong></span> <span class='ocrx_word' id='word_1_288' title='bbox 408 2971 494 3034; x_wconf 89' lang='lat' dir='ltr'><strong>pudor</strong></span> <span class='ocrx_word' id='word_1_289' title='bbox 515 2970 611 3034; x_wconf 84' lang='lat' dir='ltr'><strong>possit:</strong></span> <span class='ocrx_word' id='word_1_290' title='bbox 629 2971 719 3035; x_wconf 91' lang='lat' dir='ltr'><strong>quibus</strong></span> <span class='ocrx_word' id='word_1_291' title='bbox 732 2969 852 3034; x_wconf 90' lang='lat' dir='ltr'><strong>sumptis,</strong></span> <span class='ocrx_word' id='word_1_292' title='bbox 869 2970 962 3019; x_wconf 91' lang='lat' dir='ltr'><strong>mulier</strong></span> <span class='ocrx_word' id='word_1_293' title='bbox 974 2985 1063 3033; x_wconf 88' lang='lat' dir='ltr'><strong>parurn</strong></span> <span class='ocrx_word' id='word_1_294' title='bbox 1073 2966 1171 3032; x_wconf 89' lang='lat' dir='ltr'><strong>liquido</strong></span> <span class='ocrx_word' id='word_1_295' title='bbox 1182 2966 1275 3016; x_wconf 88' lang='lat' dir='ltr'><strong>nudum</strong></span> <span class='ocrx_word' id='word_1_296' title='bbox 1293 2981 1322 3015; x_wconf 87' lang='lat' dir='ltr'><strong>se</strong></span> 
     </span>
     <span class='ocr_line' id='line_1_31' title="bbox 216 3047 1323 3116; baseline -0.003 -17"><span class='ocrx_word' id='word_1_297' title='bbox 216 3064 267 3100; x_wconf 89' lang='lat' dir='ltr'><strong>non</strong></span> <span class='ocrx_word' id='word_1_298' title='bbox 288 3065 345 3100; x_wconf 85' lang='lat' dir='ltr'><strong>esse</strong></span> <span class='ocrx_word' id='word_1_299' title='bbox 362 3051 483 3115; x_wconf 65' lang='lat' dir='ltr'><strong>jurabit„</strong></span> <span class='ocrx_word' id='word_1_300' title='bbox 507 3052 574 3101; x_wconf 77' lang='lat' dir='ltr'><strong>Hac</strong></span> <span class='ocrx_word' id='word_1_301' title='bbox 593 3052 692 3116; x_wconf 83' lang='lat' dir='ltr'><strong>ingenti</strong></span> <span class='ocrx_word' id='word_1_302' title='bbox 714 3066 813 3102; x_wconf 84' lang='lat' dir='ltr'><strong>summa</strong></span> <span class='ocrx_word' id='word_1_303' title='bbox 832 3051 866 3101; x_wconf 90' lang='lat' dir='ltr'><strong>ab</strong></span> <span class='ocrx_word' id='word_1_304' title='bbox 886 3051 981 3115; x_wconf 84' lang='lat' dir='ltr'><strong>ignotis</strong></span> <span class='ocrx_word' id='word_1_305' title='bbox 994 3051 1070 3099; x_wconf 88' lang='lat' dir='ltr'><strong>etiarn</strong></span> <span class='ocrx_word' id='word_1_306' title='bbox 1088 3049 1122 3098; x_wconf 91' lang='lat' dir='ltr'><strong>ad</strong></span> <span class='ocrx_word' id='word_1_307' title='bbox 1141 3047 1323 3106; x_wconf 87' lang='lat' dir='ltr'><strong>commercium</strong></span> 
     </span>
     <span class='ocr_line' id='line_1_32' title="bbox 217 3128 1323 3198; baseline -0.004 -18"><span class='ocrx_word' id='word_1_308' title='bbox 217 3132 339 3195; x_wconf 82' lang='lat' dir='ltr'><strong>gentibus</strong></span> <span class='ocrx_word' id='word_1_309' title='bbox 351 3140 526 3194; x_wconf 85' lang='lat' dir='ltr'><strong>accersuntur,</strong></span> <span class='ocrx_word' id='word_1_310' title='bbox 539 3140 568 3183; x_wconf 93' lang='lat' dir='ltr'><strong>ut</strong></span> <span class='ocrx_word' id='word_1_311' title='bbox 580 3141 704 3184; x_wconf 80' lang='lat' dir='ltr'><strong>matronae</strong></span> <span class='ocrx_word' id='word_1_312' title='bbox 717 3133 814 3184; x_wconf 77' lang='lat' dir='ltr'><strong>nostrae</strong></span> <span class='ocrx_word' id='word_1_313' title='bbox 835 3147 868 3181; x_wconf 89' lang='lat' dir='ltr'><strong>ne</strong></span> <span class='ocrx_word' id='word_1_314' title='bbox 890 3132 1015 3182; x_wconf 88' lang='lat' dir='ltr'><strong>adrrlteris</strong></span> <span class='ocrx_word' id='word_1_315' title='bbox 1035 3130 1139 3196; x_wconf 87' lang='lat' dir='ltr'><strong>quidem</strong></span> <span class='ocrx_word' id='word_1_316' title='bbox 1158 3130 1216 3194; x_wconf 91' lang='lat' dir='ltr'><strong>plus</strong></span> <span class='ocrx_word' id='word_1_317' title='bbox 1239 3129 1278 3198; x_wconf 78' lang='lat' dir='ltr'><strong>sui</strong></span> <span class='ocrx_word' id='word_1_318' title='bbox 1295 3128 1323 3176; x_wconf 91' lang='lat' dir='ltr'><strong>in</strong></span> 
     </span>
     <span class='ocr_line' id='line_1_33' title="bbox 217 3207 1322 3279; baseline -0.004 -17"><span class='ocrx_word' id='word_1_319' title='bbox 217 3207 347 3279; x_wconf 89' lang='lat' dir='ltr'><strong>cubiculo,</strong></span> <span class='ocrx_word' id='word_1_320' title='bbox 358 3229 433 3279; x_wconf 88' lang='lat' dir='ltr'><strong>qnam</strong></span> <span class='ocrx_word' id='word_1_321' title='bbox 445 3215 472 3263; x_wconf 85' lang='lat' dir='ltr'><strong>in</strong></span> <span class='ocrx_word' id='word_1_322' title='bbox 483 3214 588 3278; x_wconf 91' lang='lat' dir='ltr'><strong>publico</strong></span> <span class='ocrx_word' id='word_1_323' title='bbox 600 3214 757 3265; x_wconf 74' lang='lat' dir='ltr'><strong>ostendent!</strong></span> <span class='ocrx_word' id='word_1_324' title='bbox 792 3214 966 3265; x_wconf 89' lang='lat' dir='ltr'><strong>Pellucebant</strong></span> <span class='ocrx_word' id='word_1_325' title='bbox 977 3214 1045 3264; x_wconf 90' lang='lat' dir='ltr'><strong>enim</strong></span> <span class='ocrx_word' id='word_1_326' title='bbox 1058 3212 1207 3274; x_wconf 89' lang='lat' dir='ltr'><strong>tenerrima,</strong></span> <span class='ocrx_word' id='word_1_327' title='bbox 1219 3217 1248 3259; x_wconf 91' lang='lat' dir='ltr'><strong>nt</strong></span> <span class='ocrx_word' id='word_1_328' title='bbox 1260 3209 1322 3259; x_wconf 89' lang='lat' dir='ltr'><strong>Am·</strong></span> 
     </span>
     <span class='ocr_line' id='line_1_34' title="bbox 216 3291 1325 3362; baseline -0.005 -18"><span class='ocrx_word' id='word_1_329' title='bbox 216 3294 317 3344; x_wconf 85' lang='lat' dir='ltr'><strong>mianus</strong></span> <span class='ocrx_word' id='word_1_330' title='bbox 336 3295 462 3360; x_wconf 88' lang='lat' dir='ltr'><strong>loquitur,</strong></span> <span class='ocrx_word' id='word_1_331' title='bbox 484 3295 638 3346; x_wconf 81' lang='lat' dir='ltr'><strong>subtilitate.</strong></span> <span class='ocrx_word' id='word_1_332' title='bbox 672 3295 789 3361; x_wconf 84' lang='lat' dir='ltr'><strong>Ideoque</strong></span> <span class='ocrx_word' id='word_1_333' title='bbox 810 3296 927 3362; x_wconf 89' lang='lat' dir='ltr'><strong>quotiens</strong></span> <span class='ocrx_word' id='word_1_334' title='bbox 939 3292 1095 3357; x_wconf 89' lang='lat' dir='ltr'><strong>pellucidam</strong></span> <span class='ocrx_word' id='word_1_335' title='bbox 1115 3297 1223 3354; x_wconf 89' lang='lat' dir='ltr'><strong>vestem,</strong></span> <span class='ocrx_word' id='word_1_336' title='bbox 1243 3291 1325 3355; x_wconf 84' lang='lat' dir='ltr'><strong>pellu-</strong></span> 
     </span>
     <span class='ocr_line' id='line_1_35' title="bbox 217 3370 1323 3442; baseline -0.006 -16"><span class='ocrx_word' id='word_1_337' title='bbox 217 3382 320 3426; x_wconf 90' lang='lat' dir='ltr'><strong>centem</strong></span> <span class='ocrx_word' id='word_1_338' title='bbox 331 3384 425 3440; x_wconf 84' lang='lat' dir='ltr'><strong>togam,</strong></span> <span class='ocrx_word' id='word_1_339' title='bbox 439 3377 553 3442; x_wconf 89' lang='lat' dir='ltr'><strong>taliaque</strong></span> <span class='ocrx_word' id='word_1_340' title='bbox 564 3371 645 3441; x_wconf 85' lang='lat' dir='ltr'><strong>legis:</strong></span> <span class='ocrx_word' id='word_1_341' title='bbox 664 3378 751 3441; x_wconf 89' lang='lat' dir='ltr'><strong>capito</strong></span> <span class='ocrx_word' id='word_1_342' title='bbox 763 3378 795 3427; x_wconf 92' lang='lat' dir='ltr'><strong>de</strong></span> <span class='ocrx_word' id='word_1_343' title='bbox 807 3378 906 3440; x_wconf 86' lang='lat' dir='ltr'><strong>Series,</strong></span> <span class='ocrx_word' id='word_1_344' title='bbox 918 3383 962 3425; x_wconf 91' lang='lat' dir='ltr'><strong>aut</strong></span> <span class='ocrx_word' id='word_1_345' title='bbox 974 3377 1037 3426; x_wconf 85' lang='lat' dir='ltr'><strong>Coa.</strong></span> <span class='ocrx_word' id='word_1_346' title='bbox 1070 3374 1204 3426; x_wconf 88' lang='lat' dir='ltr'><strong>Juvenalis</strong></span> <span class='ocrx_word' id='word_1_347' title='bbox 1216 3388 1222 3422; x_wconf 91' lang='lat'>:</span> <span class='ocrx_word' id='word_1_348' title='bbox 1237 3370 1323 3420; x_wconf 80' lang='lat' dir='ltr'><strong>‘Acer</strong></span> 
     </span>
     <span class='ocr_line' id='line_1_36' title="bbox 218 3447 1323 3522; baseline -0.002 -17"><span class='ocrx_word' id='word_1_349' title='bbox 218 3462 245 3505; x_wconf 80' lang='lat' dir='ltr'><strong>et</strong></span> <span class='ocrx_word' id='word_1_350' title='bbox 265 3456 405 3507; x_wconf 89' lang='lat' dir='ltr'><strong>indomitus</strong></span> <span class='ocrx_word' id='word_1_351' title='bbox 424 3458 604 3522; x_wconf 89' lang='lat' dir='ltr'><strong>libertatisque</strong></span> <span class='ocrx_word' id='word_1_352' title='bbox 627 3458 751 3521; x_wconf 83' lang='lat' dir='ltr'><strong>magister</strong></span> <span class='ocrx_word' id='word_1_353' title='bbox 774 3458 877 3508; x_wconf 85' lang='lat' dir='ltr'><strong>Cretice</strong></span> <span class='ocrx_word' id='word_1_354' title='bbox 898 3457 1030 3522; x_wconf 87' lang='lat' dir='ltr'><strong>pelluces,&#39;</strong></span> <span class='ocrx_word' id='word_1_355' title='bbox 1046 3457 1159 3519; x_wconf 87' lang='lat' dir='ltr'><strong>ceperim</strong></span> <span class='ocrx_word' id='word_1_356' title='bbox 1176 3447 1209 3503; x_wconf 88' lang='lat' dir='ltr'><strong>de</strong></span> <span class='ocrx_word' id='word_1_357' title='bbox 1223 3452 1323 3504; x_wconf 87' lang='lat' dir='ltr'><strong>Serica.</strong></span> 
     </span>
     <span class='ocr_line' id='line_1_37' title="bbox 217 3532 1326 3603; baseline -0.004 -18"><span class='ocrx_word' id='word_1_358' title='bbox 217 3535 346 3601; x_wconf 85' lang='lat' dir='ltr'><strong>Tibullus,</strong></span> <span class='ocrx_word' id='word_1_359' title='bbox 357 3538 390 3589; x_wconf 94' lang='lat' dir='ltr'><strong>de</strong></span> <span class='ocrx_word' id='word_1_360' title='bbox 398 3532 575 3603; x_wconf 82' lang='lat' dir='ltr'><strong>Bombycina:</strong></span> <span class='ocrx_word' id='word_1_361' title='bbox 594 3540 602 3565; x_wconf 88' lang='lat'>‘</span> <span class='ocrx_word' id='word_1_362' title='bbox 615 3539 665 3588; x_wconf 89' lang='lat' dir='ltr'><strong>Illa</strong></span> <span class='ocrx_word' id='word_1_363' title='bbox 675 3543 750 3602; x_wconf 86' lang='lat' dir='ltr'><strong>gerat</strong></span> <span class='ocrx_word' id='word_1_364' title='bbox 763 3544 854 3588; x_wconf 90' lang='lat' dir='ltr'><strong>tennes</strong></span> <span class='ocrx_word' id='word_1_365' title='bbox 865 3545 961 3600; x_wconf 86' lang='lat' dir='ltr'><strong>restes,</strong></span> <span class='ocrx_word' id='word_1_366' title='bbox 979 3552 1042 3601; x_wconf 92' lang='lat' dir='ltr'><strong>quas</strong></span> <span class='ocrx_word' id='word_1_367' title='bbox 1052 3535 1147 3585; x_wconf 84' lang='lat' dir='ltr'><strong>femina</strong></span> <span class='ocrx_word' id='word_1_368' title='bbox 1157 3536 1211 3585; x_wconf 85' lang='lat' dir='ltr'><strong>Cea</strong></span> <span class='ocrx_word' id='word_1_369' title='bbox 1219 3534 1326 3598; x_wconf 85' lang='lat' dir='ltr'><strong>Texuit,</strong></span> 
     </span>
     <span class='ocr_line' id='line_1_38' title="bbox 217 3614 1325 3685; baseline -0.005 -18"><span class='ocrx_word' id='word_1_370' title='bbox 217 3625 321 3668; x_wconf 84' lang='lat' dir='ltr'><strong>arrratas</strong></span> <span class='ocrx_word' id='word_1_371' title='bbox 334 3619 511 3685; x_wconf 87' lang='lat' dir='ltr'><strong>disposuitque</strong></span> <span class='ocrx_word' id='word_1_372' title='bbox 523 3621 577 3669; x_wconf 82' lang='lat' dir='ltr'><strong>vias</strong></span> <span class='ocrx_word' id='word_1_373' title='bbox 586 3619 603 3681; x_wconf 89' lang='lat'><strong>;’</strong></span> <span class='ocrx_word' id='word_1_374' title='bbox 619 3626 646 3669; x_wconf 91' lang='lat' dir='ltr'><strong>et</strong></span> <span class='ocrx_word' id='word_1_375' title='bbox 655 3620 796 3670; x_wconf 86' lang='lat' dir='ltr'><strong>Horatius:</strong></span> <span class='ocrx_word' id='word_1_376' title='bbox 813 3623 821 3648; x_wconf 92' lang='lat'>‘</span> <span class='ocrx_word' id='word_1_377' title='bbox 833 3622 917 3670; x_wconf 88' lang='lat' dir='ltr'><strong>altera</strong></span> <span class='ocrx_word' id='word_1_378' title='bbox 927 3620 963 3669; x_wconf 91' lang='lat' dir='ltr'><strong>nil</strong></span> <span class='ocrx_word' id='word_1_379' title='bbox 975 3618 1063 3668; x_wconf 90' lang='lat' dir='ltr'><strong>obstat</strong></span> <span class='ocrx_word' id='word_1_380' title='bbox 1075 3618 1134 3665; x_wconf 88' lang='lat' dir='ltr'><strong>Cois</strong></span> <span class='ocrx_word' id='word_1_381' title='bbox 1143 3614 1208 3664; x_wconf 84' lang='lat' dir='ltr'><strong>tibi&#39;</strong></span> <span class='ocrx_word' id='word_1_382' title='bbox 1235 3614 1325 3664; x_wconf 79' lang='lat' dir='ltr'><strong>Serica</strong></span> 
     </span>
     <span class='ocr_line' id='line_1_39' title="bbox 218 3696 1324 3764; baseline -0.004 -17"><span class='ocrx_word' id='word_1_383' title='bbox 218 3699 321 3763; x_wconf 88' lang='lat' dir='ltr'><strong>quando</strong></span> <span class='ocrx_word' id='word_1_384' title='bbox 332 3700 453 3751; x_wconf 88' lang='lat' dir='ltr'><strong>venerint</strong></span> <span class='ocrx_word' id='word_1_385' title='bbox 473 3701 499 3748; x_wconf 93' lang='lat' dir='ltr'><strong>in</strong></span> <span class='ocrx_word' id='word_1_386' title='bbox 511 3715 593 3762; x_wconf 88' lang='lat' dir='ltr'><strong>usum,</strong></span> <span class='ocrx_word' id='word_1_387' title='bbox 605 3700 752 3764; x_wconf 88' lang='lat' dir='ltr'><strong>planissime</strong></span> <span class='ocrx_word' id='word_1_388' title='bbox 769 3715 820 3750; x_wconf 94' lang='lat' dir='ltr'><strong>non</strong></span> <span class='ocrx_word' id='word_1_389' title='bbox 839 3701 908 3756; x_wconf 86' lang='lat' dir='ltr'><strong>scio:</strong></span> <span class='ocrx_word' id='word_1_390' title='bbox 927 3700 1042 3762; x_wconf 89' lang='lat' dir='ltr'><strong>suspicor</strong></span> <span class='ocrx_word' id='word_1_391' title='bbox 1053 3698 1117 3749; x_wconf 91' lang='lat' dir='ltr'><strong>Julii</strong></span> <span class='ocrx_word' id='word_1_392' title='bbox 1136 3696 1246 3746; x_wconf 86' lang='lat' dir='ltr'><strong>Caesaris</strong></span> <span class='ocrx_word' id='word_1_393' title='bbox 1259 3710 1324 3749; x_wconf 75' lang='lat' dir='ltr'><strong>aero,</strong></span> 
     </span>
     <span class='ocr_line' id='line_1_40' title="bbox 217 3776 1323 3847; baseline -0.002 -19"><span class='ocrx_word' id='word_1_394' title='bbox 217 3779 291 3845; x_wconf 88' lang='lat' dir='ltr'><strong>(nam</strong></span> <span class='ocrx_word' id='word_1_395' title='bbox 300 3787 362 3830; x_wconf 89' lang='lat' dir='ltr'><strong>ante</strong></span> <span class='ocrx_word' id='word_1_396' title='bbox 375 3796 426 3831; x_wconf 92' lang='lat' dir='ltr'><strong>non</strong></span> <span class='ocrx_word' id='word_1_397' title='bbox 437 3780 563 3847; x_wconf 89' lang='lat' dir='ltr'><strong>invenio,)</strong></span> <span class='ocrx_word' id='word_1_398' title='bbox 571 3782 614 3847; x_wconf 92' lang='lat' dir='ltr'><strong>qui</strong></span> <span class='ocrx_word' id='word_1_399' title='bbox 626 3782 703 3832; x_wconf 87' lang='lat' dir='ltr'><strong>etiam</strong></span> <span class='ocrx_word' id='word_1_400' title='bbox 713 3781 780 3832; x_wconf 89' lang='lat' dir='ltr'><strong>ludis</strong></span> <span class='ocrx_word' id='word_1_401' title='bbox 791 3783 919 3832; x_wconf 89' lang='lat' dir='ltr'><strong>theatrum</strong></span> <span class='ocrx_word' id='word_1_402' title='bbox 927 3779 1082 3844; x_wconf 86' lang='lat' dir='ltr'><strong>totumvelis</strong></span> <span class='ocrx_word' id='word_1_403' title='bbox 1092 3777 1209 3828; x_wconf 79' lang='lat' dir='ltr'><strong>conterit</strong></span> <span class='ocrx_word' id='word_1_404' title='bbox 1220 3776 1323 3826; x_wconf 86' lang='lat' dir='ltr'><strong>sericis:</strong></span> 
     </span>
     <span class='ocr_line' id='line_1_41' title="bbox 217 3858 1325 3925; baseline -0.002 -16"><span class='ocrx_word' id='word_1_405' title='bbox 217 3866 248 3909; x_wconf 91' lang='lat' dir='ltr'><strong>ut</strong></span> <span class='ocrx_word' id='word_1_406' title='bbox 266 3875 299 3910; x_wconf 86' lang='lat' dir='ltr'><strong>ex</strong></span> <span class='ocrx_word' id='word_1_407' title='bbox 319 3861 487 3925; x_wconf 90' lang='lat' dir='ltr'><strong>quorumdam</strong></span> <span class='ocrx_word' id='word_1_408' title='bbox 503 3861 554 3911; x_wconf 85' lang='lat' dir='ltr'><strong>fide</strong></span> <span class='ocrx_word' id='word_1_409' title='bbox 571 3862 624 3911; x_wconf 93' lang='lat' dir='ltr'><strong>Dio</strong></span> <span class='ocrx_word' id='word_1_410' title='bbox 642 3859 726 3911; x_wconf 85' lang='lat' dir='ltr'><strong>refert</strong></span> <span class='ocrx_word' id='word_1_411' title='bbox 744 3862 764 3916; x_wconf 84' lang='lat'><strong>1.</strong></span> <span class='ocrx_word' id='word_1_412' title='bbox 776 3874 861 3912; x_wconf 81' lang='lat' dir='ltr'><strong>xnrrr.</strong></span> <span class='ocrx_word' id='word_1_413' title='bbox 893 3864 957 3911; x_wconf 92' lang='lat' dir='ltr'><strong>Eam</strong></span> <span class='ocrx_word' id='word_1_414' title='bbox 980 3866 1079 3910; x_wconf 88' lang='lat' dir='ltr'><strong>vestem</strong></span> <span class='ocrx_word' id='word_1_415' title='bbox 1101 3860 1181 3910; x_wconf 88' lang='lat' dir='ltr'><strong>etiam</strong></span> <span class='ocrx_word' id='word_1_416' title='bbox 1191 3858 1325 3920; x_wconf 85' lang='lat' dir='ltr'><strong>Medicam</strong></span> 
     </span>
     <span class='ocr_line' id='line_1_42' title="bbox 218 3938 1326 4015; baseline -0.003 -26"><span class='ocrx_word' id='word_1_417' title='bbox 218 3941 327 4015; x_wconf 83' lang='lat' dir='ltr'><strong>dictam,</strong></span> <span class='ocrx_word' id='word_1_418' title='bbox 338 3943 463 4006; x_wconf 89' lang='lat' dir='ltr'><strong>scriptum</strong></span> <span class='ocrx_word' id='word_1_419' title='bbox 474 3942 578 4007; x_wconf 89' lang='lat' dir='ltr'><strong>reliquit</strong></span> <span class='ocrx_word' id='word_1_420' title='bbox 589 3943 743 4006; x_wconf 90' lang='lat' dir='ltr'><strong>Procopius.</strong></span> <span class='ocrx_word' id='word_1_421' title='bbox 778 3942 884 3993; x_wconf 82' lang='lat' dir='ltr'><strong>Genera</strong></span> <span class='ocrx_word' id='word_1_422' title='bbox 901 3942 958 4007; x_wconf 88' lang='lat' dir='ltr'><strong>ejus</strong></span> <span class='ocrx_word' id='word_1_423' title='bbox 975 3940 1045 3992; x_wconf 86' lang='lat' dir='ltr'><strong>facta</strong></span> <span class='ocrx_word' id='word_1_424' title='bbox 1063 3948 1153 4007; x_wconf 89' lang='lat' dir='ltr'><strong>postea</strong></span> <span class='ocrx_word' id='word_1_425' title='bbox 1163 3938 1326 4006; x_wconf 85' lang='lat' dir='ltr'><strong>Holoserica,</strong></span> 
     </span>
     <span class='ocr_line' id='line_1_43' title="bbox 216 4020 1324 4092; baseline 0.002 -21"><span class='ocrx_word' id='word_1_426' title='bbox 216 4022 373 4086; x_wconf 87' lang='lat' dir='ltr'><strong>Subscrica;</strong></span> <span class='ocrx_word' id='word_1_427' title='bbox 390 4039 501 4090; x_wconf 87' lang='lat' dir='ltr'><strong>ususque</strong></span> <span class='ocrx_word' id='word_1_428' title='bbox 520 4024 616 4090; x_wconf 88' lang='lat' dir='ltr'><strong>primns</strong></span> <span class='ocrx_word' id='word_1_429' title='bbox 639 4022 793 4075; x_wconf 87' lang='lat' dir='ltr'><strong>Holoserica</strong></span> <span class='ocrx_word' id='word_1_430' title='bbox 814 4023 979 4089; x_wconf 81' lang='lat' dir='ltr'><strong>Eligabalns:</strong></span> <span class='ocrx_word' id='word_1_431' title='bbox 997 4022 1030 4074; x_wconf 89' lang='lat' dir='ltr'><strong>de</strong></span> <span class='ocrx_word' id='word_1_432' title='bbox 1051 4037 1102 4090; x_wconf 90' lang='lat' dir='ltr'><strong>quo</strong></span> <span class='ocrx_word' id='word_1_433' title='bbox 1124 4020 1167 4077; x_wconf 79' lang='lat' dir='ltr'><strong>adi</strong></span> <span class='ocrx_word' id='word_1_434' title='bbox 1185 4020 1324 4092; x_wconf 73' lang='lat' dir='ltr'><strong>scriptores</strong></span> 
     </span>
     <span class='ocr_line' id='line_1_44' title="bbox 216 4103 487 4172; baseline 0.018 -20"><span class='ocrx_word' id='word_1_435' title='bbox 216 4103 335 4156; x_wconf 80' lang='lat' dir='ltr'><strong>historiae</strong></span> <span class='ocrx_word' id='word_1_436' title='bbox 352 4105 487 4172; x_wconf 78' lang='lat' dir='ltr'><strong>Auguste.</strong></span> 
     </span>
    </p>
   </div>
   <div class='ocr_carea' id='block_1_4' title="bbox 0 0 1533 4950">
    <p class='ocr_par' dir='ltr' id='par_1_4' title="bbox 0 0 1533 4950">
     <span class='ocr_line' id='line_1_45' title="bbox 0 0 1533 4950; baseline 0 0"><span class='ocrx_word' id='word_1_437' title='bbox 0 0 1533 4950; x_wconf 95' lang='lat' dir='ltr'><strong> </strong></span> 
     </span>
    </p>
   </div>
  </div>
 </body>
</html>
