3042 4950
528 416 569 467 ιιι
593 416 666 467 arr.
691 416 732 467 ιι.
755 413 975 467 suunuuu.
1212 400 1303 469 mo

199 559 305 613 tarum!
337 559 436 611 Seneca
445 559 523 624 epist.
534 564 576 611 77.
588 560 597 589 ‘
608 557 764 621 Inimicitias
783 557 846 607 milri
867 557 1016 623 denuntias,
1027 558 1049 609 si
1060 558 1200 625 quidquam
1219 573 1252 610 ex
1269 561 1301 611 iis

199 656 258 708 qna
278 642 386 695 cottidie
406 641 485 706 facio,
506 641 683 707 ignoraveris!
713 641 798 704 Idem,
817 640 886 705 qnod
904 641 1022 691 indicere
1039 641 1186 692 inimicitias
1203 642 1304 694 Seneca

196 724 216 779 l.
238 737 283 775 ιιι.
299 725 343 774 Do
358 725 413 774 ira:
430 723 522 777 ‘Quid
537 724 614 788 juvet
632 729 763 788 tamquam
781 721 808 771 iu
820 729 946 774 eternum
964 723 1065 787 genitos
1082 724 1133 774 iras
1144 725 1261 776 indicere
1273 732 1302 776 et

196 805 373 856 brevissimam
395 812 500 857 etatem
522 805 646 869 dissipare
656 804 674 854 i'
718 804 796 859 Unde
816 804 959 855 iuimicitias
982 804 1096 870 indicte,
1118 812 1148 857 nt
1174 807 1301 860 indictum

196 884 304 939 bellom.
337 886 458 938 Sidonius
469 888 487 936 1.
501 900 551 937 vn.
562 888 569 914 ‘
581 885 732 937 Inimicitias
743 885 855 935 indictas
865 887 974 936 honeste
985 893 1099 951 exercet,
1114 890 1191 938 tarde
1207 889 1302 952 credit,

195 967 320 1019 celeriter
330 969 459 1033 deponit!
492 969 559 1019 Item
579 967 721 1019 inimicitius
733 968 932 1034 testatoe,quasi
951 985 1009 1035 quae
1028 971 1174 1023 litterarum
1185 971 1301 1023 testimo·

195 1048 240 1099 nio
248 1048 374 1113 signatae:
391 1052 511 1102 Valerius
521 1051 537 1102 1.
550 1066 589 1102 ιν.
607 1049 759 1101 ‘Acerrime
771 1064 830 1101 cum
845 1050 968 1114 Scipione
980 1050 1104 1103 Africano
1114 1053 1303 1106 Macedonicus

195 1130 363 1194 dissenserat,
380 1147 520 1198 eorumque
538 1133 570 1184 ab
581 1132 743 1184 emulatione
754 1133 859 1183 virtutis
870 1131 990 1197 profecte
1006 1135 1138 1185 contentio
1156 1134 1190 1185 ad
1209 1150 1303 1199 graves

194 1216 514 1280 testatasqueinimicitios
528 1231 664 1281 progressa
680 1214 786 1266 fuerat.'
817 1216 877 1266 Nec
899 1215 970 1265 eliud
989 1230 1093 1279 censeo,
1111 1231 1170 1266 cum
1191 1217 1300 1282 legimus

192 1292 344 1346 inimicitias
356 1311 388 1345 ex
403 1295 528 1362 professo.
562 1299 632 1349 Huic
649 1305 742 1361 aperto
753 1298 818 1349 rnori
828 1297 928 1348 utinam
946 1298 987 1347 his
998 1298 1111 1349 moribus
1130 1290 1217 1348 locnsi
1248 1297 1301 1348 Sed

195 1383 227 1429 ut
236 1379 321 1427 omnin
332 1378 396 1428 vitiu
406 1387 494 1431 uostro
506 1395 576 1441 sevo:
595 1381 631 1431 sic
647 1378 728 1444 fraus,
739 1380 877 1443 simulatio,
888 1381 960 1431 dolus
975 1380 1113 1445 succrevit,
1123 1385 1151 1430 et
1161 1379 1300 1445 pessimum

192 1459 316 1511 amicitias
327 1476 456 1512 venenum
468 1446 602 1513 blanditiae
614 1460 730 1512 fallaces.
764 1462 948 1513 Novimus-uos
964 1462 1090 1525 ejrumodi
1103 1462 1244 1524 stelliones,
1254 1462 1301 1527 qui
1393 1490 1399 1501 ι

194 1541 293 1593 amicos
304 1543 394 1607 quibus
405 1543 525 1595 arrident
535 1559 595 1595 mox
607 1544 746 1594 arroduut:
767 1550 795 1593 et
805 1538 897 1608 quibus
907 1544 979 1593 nulle
995 1559 1055 1609 spes
1066 1543 1143 1594 summ
1155 1551 1204 1608 est,
1214 1544 1262 1594 nisi
1272 1545 1300 1601 in

191 1621 256 1673 'labe
267 1620 343 1673 fernes
354 1623 454 1675 altene.
488 1627 588 1676 Datum
608 1631 649 1676 est
668 1625 742 1675 nobis
759 1625 857 1689 grande
867 1626 875 1654 ‘
886 1626 1035 1689 exemplum
1053 1624 1300 1691 praecavendiquo·

192 1694 278 1754 modo¹
289 1703 425 1757 fraudibus
441 1707 569 1757 involutos
588 1714 634 1757 aut
651 1705 756 1772 flagitiis
775 1708 992 1759 commaculatos:
1010 1708 1047 1758 sic
1065 1708 1154 1773 specie
1173 1707 1299 1758 bonarum

191 1785 289 1837 artioni
299 1784 388 1853 falsos,
395 1794 424 1839 et
435 1789 557 1840 amicitie
566 1788 692 1855 fallaces‚'
702 1799 732 1841 nt
740 1805 802 1841 rere
813 1790 881 1840 dixit
890 1795 979 1840 noster
989 1795 1071 1840 vates.

657 1958 771 2039 'nu

226 2116 294 2167 Cur.
305 2120 347 2166 75.
380 2117 451 2169 Quid
469 2124 547 2168 vocat
566 2119 654 2169 laetum
672 2119 789 2168 cultum?
805 2115 1247 2182 Vestemuealbom,positanigral
1265 2130 1299 2166 an

193 2203 322 2246 autumet
333 2206 493 2262 ornamenta,
501 2215 558 2265 quse
568 2201 594 2249 iu
605 2202 676 2252 luctu
685 2201 817 2265 ponebant
824 2199 937 2262 feminae,
945 2214 1029 2265 eoque
1035 2197 1111 2249 finito
1120 2196 1300 2264 recipiebant?

193 2279 255 2330 Non
266 2287 319 2329 tam
330 2281 446 2344 proclive
456 2282 484 2330 id
497 2289 621 2345 statuere,
632 2289 741 2346 propter
750 2288 852 2333 veteres
864 2282 1014 2346 scriptores,
1031 2282 1076 2347 qui
1092 2282 1140 2331 lrac
1151 2280 1177 2329 in
1195 2293 1224 2329 re
1241 2292 1306 2328 sen··

191 2362 285 2410 tentiis
295 2362 398 2413 diversi.
414 2382 418 2387 ·
431 2363 571 2428 Dionysius
582 2363 599 2413 l.
612 2378 674 2414 vnn.
690 2364 790 2428 nigram
802 2370 900 2413 vestem
909 2361 1013 2412 feminis
1028 2361 1157 2412 attribuit.
1190 2362 1300 2409 Γονοῖκιι

190 2440 317 2509 Ῥωμαίων,
334 2442 350 2494 d
369 2443 438 2507 νόμος
460 2445 524 2496 ἐστὶν
545 2445 626 2497 circis
654 2443 693 2495 ἐπὶ
721 2447 771 2496 roir
791 2444 856 2496 idiote
883 2444 922 2495 sci
940 2442 1075 2507 ἂναγκαίοιι
1097 2445 1171 2493 ποιεῖν
1195 2443 1298 2502 κήδεσιν,

191 2522 332 2587 ἀποθέμεναι
348 2525 437 2591 χρυσόν
459 2546 488 2577 σε
509 2528 548 2578 καὶ
566 2527 686 2593 πορφύραν
706 2528 744 2577 nol
766 2528 808 2578 riu
825 2527 903 2577 linior
924 2527 1020 2590 κόσμον,
1038 2524 1139 2587 μέλασιν
1155 2525 1299 2588 ἀμφιασμοῖς

191 2605 310 2669 χμόμεναι
332 2606 374 2657 τὸν
395 2607 510 2659 ἐνιαύσιον
520 2608 650 2669 ἐπένθησαν
660 2608 753 2673 χρόνον.
787 2608 865 2673 Apud
877 2608 981 2658 Suidam
992 2608 1106 2656 incertus
1125 2607 1245 2669 scriptor,
1265 2607 1298 2654 de

191 2686 288 2738 Marcii
309 2686 414 2738 funere:
434 2688 479 2737 lini
496 2690 521 2738 ai
540 2693 649 2752 praeires
665 2688 805 2751 ἀποθέμεναι
823 2686 913 2752 χρυσὸν
929 2688 969 2738 καὶ
985 2686 1029 2756 σὺν
1050 2686 1127 2737 ἄλλον
1140 2685 1238 2749 κόσμον,
1258 2685 1298 2735 καὶ

131 2775 138 2783 ”
191 2765 294 2829 μέλασιν
314 2768 456 2833 ἀμφιασμοῖς
477 2769 633 2835 χρησάμεναι,
661 2770 701 2820 καὶ
728 2769 874 2829 πενθήσασαι
895 2768 1011 2819 ἐνιαύσιον
1029 2768 1124 2834 χρόνον.
1158 2769 1193 2818 Et
1212 2769 1297 2816 Varro

191 2850 291 2901 clarel.
304 2865 348 2901 ιιι.
364 2854 407 2903 De
421 2853 475 2901 vite
485 2854 574 2917 populi
586 2854 703 2918 Romani,
715 2854 722 2881 ‘
734 2859 765 2904 ut
775 2849 837 2902 dum
846 2867 926 2916 supra
936 2858 1030 2902 terram
1041 2857 1119 2913 esset,
1128 2849 1216 2900 ricinis
1228 2850 1298 2914 luge-

192 2939 265 2983 rent:
283 2931 375 2984 funere
386 2934 452 2998 ipso,
463 2941 493 2985 ut
504 2936 580 3000 pullis
590 2936 665 2999 pallis
673 2934 795 2986 amictael
818 2934 935 2985 Ibidem:
946 2935 954 2962 ‘
964 2934 1122 2999 Propinquae
1132 2931 1300 2997 anthracinis,

192 3015 317 3088 proxime
335 3017 445 3066 amicalo
464 3017 569 3081 nigello,
591 3018 687 3086 capillo
706 3018 820 3067 demisso
840 3024 1014 3082 sequerentur
1034 3012 1147 3065 lectum.’
1178 3011 1298 3062 Valerius

190 3088 209 3146 l.
221 3111 240 3149 1.
252 3112 276 3147 c.
290 3102 312 3146 l.
331 3100 374 3148 De
386 3099 516 3149 Cannensi
536 3100 624 3152 clade:
645 3101 759 3166 ‘ltaque
778 3081 874 3149 moires
893 3115 924 3149 ac
940 3098 1000 3147 ntiae
1020 3098 1196 3161 conjugesqne
1215 3106 1299 3157 nuper

190 3178 399 3243 interfectorum,
420 3180 544 3231 abstersis
561 3183 684 3245 lacrimis,
695 3182 870 3248 depositisque
882 3181 978 3232 doloris
999 3178 1149 3243 insignibus,
1160 3175 1298 3227 candidam

190 3261 301 3311 induere
322 3268 421 3312 vestem
443 3270 471 3313 et
490 3263 540 3313 eris
560 3263 625 3313 dare
645 3265 722 3316 thura
743 3271 843 3314 conctae
861 3261 938 3312 sunt!
972 3260 1009 3311 At
1024 3261 1068 3309 alii
1087 3270 1298 3319 ecccconsensn,

190 3342 282 3392 albem.
328 3342 494 3393 Herodianus
518 3344 546 3393 ln
560 3341 663 3395 'funere
687 3327 796 3395 Seve'ri:
822 3345 852 3393 Αἱ
871 3346 981 3406 γυναῖκες
998 3341 1068 3391 λιτὰς
1082 3341 1194 3400 ’ἐσθῆτας
1212 3336 1299 3387 neonis

190 3421 368 3487 dpprmdpeocr
375 3423 459 3487 σχῆμα
467 3422 599 3490 παρέχουσι
610 3423 769 3487 λυπουμένων.
800 3426 901 3476 Statius
911 3426 938 3475 in
949 3423 1075 3475 Lacrimis
1085 3422 1205 3496 Etrusci:
1217 3421 1225 3449 ‘
1236 3420 1297 3470 Huc

190 3504 286 3555 vittata
296 3520 405 3569 comam,
415 3507 543 3572 niveoque
559 3508 666 3573 insignis
677 3509 774 3558 amictu
786 3508 897 3558 Mitibus
907 3506 1035 3572 exsequiis
1046 3504 1125 3556 ades!
1157 3502 1298 3566 Adsignet,

189 3593 221 3637 ut
242 3586 325 3651 rides,
345 3588 448 3637 niveam
469 3590 652 3653 vestem,quia
674 3590 773 3640 mulier.
806 3590 859 3639 Sed
877 3589 1019 3638 clarissime
1040 3585 1215 3636 Plutarchus:
1240 3590 1297 3631 Aio·

189 3666 214 3717 ri
225 3667 300 3718 nsunt
309 3671 422 3733 φοροῦσιν
439 3669 464 3719 ἐν
481 3671 532 3719 τοῖς
549 3668 659 3720 πένθεσιν
675 3669 700 3718 ci
716 3672 825 3732 ’γυναῖκες
844 3668 932 3731 ἱμάτια,
943 3667 983 3718 καὶ
1004 3664 1102 3717 λευκοὺς
1119 3661 1296 3729 κεκμυφόλονις

190 3755 219 3801 ct
230 3750 289 3799 ride
301 3751 370 3815 apud
382 3766 441 3800 eum
454 3766 562 3804 cerussae.
587 3752 665 3805 vQuid
676 3758 821 3802 statuemus
831 3753 858 3801 in
870 3752 986 3801 dissensu
999 3756 1050 3799 tarn
1062 3748 1171 3811 aperto?
1188 3759 1297 3811 pacem:

188 3846 268 3897 quam
290 3831 367 3882 facile
391 3831 501 3883 conficio
522 3837 555 3882 et
577 3839 723 3898 temporum
741 3833 850 3884 ratione.
882 3833 1019 3883 Variatum
1039 3830 1140 3880 scilicet
1154 3829 1204 3878 lrsc
1221 3828 1249 3877 in
1266 3840 1301 3877 re

189 3911 260 3975 apud
283 3912 414 3962 Romanos
433 3912 493 3963 fuit.
527 3913 625 3963 Priscis
646 3914 805 3978 temporibus
816 3914 877 3963 dum
888 3929 958 3977 resp.
971 3912 1038 3963 vixit
1048 3919 1077 3963 et
1087 3912 1205 3974 libertas,
1214 3910 1296 3974 nigrae

191 3997 276 4042 restes
295 3993 372 4041 etiarn
393 3991 493 4042 feminis
509 3995 536 4043 in
554 3994 643 4044 luctu:
661 3994 687 4043 id
708 3995 804 4045 docent
816 3994 832 4043 ii
850 3994 1001 4059 scriptores,
1017 3995 1060 4059 qui
1080 4008 1169 4044 omnes
1188 4003 1296 4041 cousen-

189 4072 261 4122 tiunt
280 4075 306 4123 iu
327 4076 474 4125 narretione
494 4077 573 4126 moris
585 4078 629 4142 qui
648 4078 693 4127 illo
705 4093 769 4127 sevo.
802 4076 840 4126 At
857 4077 906 4127 sub
926 4076 1013 4141 Impp.
1034 4090 1090 4139 rep.
1111 4074 1250 4136 exstincte,
1267 4072 1296 4122 iu

189 4151 264 4204 nsum
275 4162 406 4205 venerunt
425 4153 581 4219 lugubrium,
592 4158 675 4208 albae:
695 4158 792 4208 docent
807 4158 825 4208 ii
835 4159 942 4208 alterius
952 4158 1040 4207 classis
1050 4164 1138 4217 testes,
1150 4155 1194 4220 qui
1205 4167 1257 4203 non
1268 4151 1296 4202 id

188 4233 308 4310 referunt
323 4236 372 4286 nisi
383 4236 417 4286 de
428 4238 589 4301 temporibus
599 4239 704 4289 secutis.
739 4238 800 4290 Hoc
809 4239 858 4290 nisi
869 4246 952 4303 tenes,
962 4251 1100 4303 numquam
1112 4237 1162 4287 erit
1170 4241 1199 4285 ut
1211 4235 1295 4285 solvas

190 4330 250 4367 eam
269 4316 373 4369 nodum.
404 4317 457 4370 Sed
474 4333 535 4386 quea
553 4334 645 4372 caussa
662 4320 740 4388 bajus
754 4316 922 4374 mutationis?
955 4321 1050 4383 Credo,
1061 4318 1160 4372 divitie
1171 4318 1296 4368 etluxus.
