3042 4950
463 375 504 425 ru
531 376 606 427 ura.
629 375 685 425 111.
708 375 987 427 nrsromuauu.
1188 360 1275 428 reat

167 520 326 587 adjunxere·
356 517 416 570 Illic
427 520 560 586 cognitum
572 519 619 571 tris
629 520 782 572 Vitellianas
793 521 923 586 cobortes,
932 527 961 572 et
971 522 1038 572 alam
1046 520 1090 572 cai
1100 520 1275 575 Scribonianus

171 616 277 664 nomeu,
286 601 319 652 sd
331 602 426 653 Forum
437 600 528 653 Alieni
538 603 718 668 pontejuncto
727 604 884 654 consedisse.
911 603 1016 654 Placuit
1025 606 1128 654 occasio
1138 605 1276 656 invadendi

172 682 330 733 incuriosos:
356 696 416 733 nam
436 682 462 733 id
481 698 585 749 quoque
604 685 783 734 nuntiabatur.
817 685 887 735 Luce
907 685 990 748 prima
1010 686 1121 735 inermes
1139 684 1276 752 plerosque

171 777 335 828 oppressere.
369 763 530 814 Praedictum
549 771 579 815 ut
597 765 688 830 paucis
699 764 846 815 interfectis
860 773 961 816 eeteros
973 781 1068 831 pavore
1080 768 1113 817 ad
1126 768 1276 818 mutandam

162 844 252 895 ¹iidem
270 851 402 908 cogerent.
436 847 471 898 Et
491 843 621 912 fuerequi
638 861 666 896 se
686 849 775 897 statirn
797 848 936 898 dederent:
963 850 1050 912 plures
1065 849 1177 913 abrupto
1196 857 1276 914 ponte

171 926 282 977 instanti
292 926 360 975 hosti
372 926 439 976 riam
449 926 620 979 abstulerunt.
653 930 768 993 Vulgata
783 931 892 981 victoria
901 940 960 995 post
972 931 1100 995 principia
1112 931 1174 980 belli
1184 945 1275 982 secun·

171 1007 234 1058 dum
244 1008 391 1072 Flavianos,
401 1008 460 1058 duoe
476 1009 601 1073 legiones,
612 1011 720 1074 septima
732 1011 871 1073 Galbiana,
889 1011 1067 1061 tertiadecima
1083 1011 1203 1074 Gemina,
1214 1028 1275 1063 cum

169 1089 256 1140 Vedio
265 1090 361 1157 Aquila
371 1093 458 1156 legato
470 1092 607 1142 Patavium
627 1094 725 1143 alacres
740 1090 859 1143 veniunt.
893 1092 936 1142 lbi
947 1094 1026 1157 pauci
1047 1092 1103 1143 dies
1115 1093 1149 1143 ad
1160 1094 1275 1160 requiem

169 1172 257 1236 sumti,
276 1179 308 1223 et
328 1173 456 1223 Miuutius
471 1173 563 1225 Justus
582 1171 658 1236 prof.
677 1180 820 1223 castrorum
839 1173 891 1238 leg.
909 1187 957 1223 vn.
974 1173 1036 1238 quia
1054 1174 1177 1224 audacius
1197 1190 1274 1240 quam

168 1252 240 1305 cirili
252 1253 321 1303 bello
331 1253 506 1319 imperitabat,
517 1254 664 1305 subtractus
674 1255 785 1305 militum
796 1256 851 1316 ira,
871 1255 903 1305 ad
915 1256 1100 1320 Vespasianum
1119 1256 1210 1308 missus
1221 1265 1273 1308 est.

168 1335 330 1387 Desiderats
347 1337 391 1386 diu
411 1352 452 1387 res
472 1336 689 1401 interpretatione
708 1338 796 1400 gloriae
819 1338 847 1387 iu
868 1337 951 1402 majus
975 1339 1111 1402 accipitur,
1137 1348 1273 1406 postquam

169 1415 265 1467 Galbae
276 1417 400 1481 imagines
411 1418 543 1469 discordia
553 1425 699 1482 temporum
711 1419 846 1469 subuersas
864 1420 890 1469 iu
908 1419 1024 1470 omuibus
1036 1421 1181 1485 municipiis
1193 1420 1274 1473 recoli

163 1497 246 1561 jussit
265 1496 402 1559 Antonius,
420 1498 544 1550 decorum
564 1514 611 1565 pro
629 1515 721 1550 caussa
740 1510 813 1551 ratus
830 1502 851 1550 si
870 1502 972 1567 placere
988 1501 1081 1552 Galba
1100 1501 1273 1567 principatum

170 1584 260 1642 partes
275 1587 472 1643 presumerent.
506 1580 649 1633 Quaesitum
670 1582 730 1631 inde
742 1597 800 1647 qua
821 1583 896 1632 sedes
907 1583 977 1633 bello
995 1583 1135 1647 legeretur.
1167 1584 1273 1633 Verona

167 1659 256 1723 potior
267 1662 330 1720 risu,
342 1661 492 1725 patentibus
504 1662 601 1712 circum
619 1663 716 1727 eampis
736 1664 769 1712 ad
790 1678 901 1729 pugnam
920 1670 1066 1729 equestrem
1078 1680 1129 1729 qua
1147 1665 1273 1728 praevale·

169 1742 250 1794 baut:
267 1734 343 1794 simul
354 1745 480 1796 coloniam
491 1746 573 1811 copiis
583 1746 696 1796 validam
706 1745 810 1796 auferre
822 1746 928 1797 Vitellio
940 1747 965 1796 iu
978 1762 1031 1796 reru
1043 1745 1189 1812 famamque
1200 1747 1271 1798 vide·
1337 1774 1341 1782 .

169 1824 256 1876 batur.
284 1827 409 1877 Posseasa
419 1827 475 1892 ipso
486 1828 597 1879 transitu
606 1829 745 1879 Viceutia:
763 1829 832 1894 quod
842 1843 890 1892 per
900 1842 929 1878 se
941 1843 1030 1892 parum
1040 1828 1149 1893 (etenim
1160 1828 1271 1880 modicae

168 1907 311 1971 municipio
324 1906 405 1974 uires)
415 1910 502 1974 magui
512 1911 636 1961 momenti
647 1911 731 1961 locum
750 1909 874 1972 obtinuit,
885 1910 1065 1974 reputantibus
1076 1910 1129 1959 illic
1142 1900 1272 1959 Cmeiuam

168 1988 295 2053 genitam,
304 1998 333 2041 et
349 1992 460 2056 patriam
476 1991 590 2042 hostiurn
601 1991 661 2041 duci
672 1998 798 2056 ereptam.
832 1990 864 2040 ln
875 1989 1069 2040 Veronensibus
1082 1990 1193 2054 pretium
1204 1988 1272 2041 fuit:

167 2071 288 2134 exemplo
307 2072 449 2137 opibusque
467 2079 555 2138 partes
569 2073 672 2137 juvere.
705 2074 741 2123 Et
758 2074 920 2138 interceptus
940 2072 1070 2122 exercitus
1089 2086 1137 2137 per
1157 2071 1271 2124 Raetiam

167 2151 304 2217 Juliasque
315 2150 411 2218 Alpes:
429 2169 460 2204 ac
476 2170 510 2204 ne
528 2154 646 2220 peruium
665 2156 711 2205 illa
728 2154 891 2206 Germanicis
907 2153 1064 2203 exercitibus
1083 2151 1162 2216 iuret,
1178 2153 1271 2219 obsep-

167 2241 248 2283 serat.
282 2234 348 2286 Quae
367 2234 457 2299 ignara
472 2236 632 2301 Vespasiano
650 2242 695 2285 ant
712 2236 806 2286 vetita:
825 2234 923 2301 quippe
942 2233 1070 2299 Aquileiae
1090 2234 1147 2284 sisti
1165 2234 1271 2298 bellum,

165 2316 366 2381 exspectarique
377 2317 653 2382 Mucianumjubebat.
687 2315 884 2381 Adjieiebatque
895 2314 1004 2378 imperio
1014 2315 1157 2378 consilinm,
1167 2316 1271 2380 quando

167 2394 307 2461 AEgyptus,
318 2397 433 2448 claustra
443 2410 560 2463 annona,
578 2399 719 2463 verugalia
730 2398 982 2463 opulentissimarum
1001 2396 1189 2461 provinciarum
1206 2396 1273 2448 obti-

165 2485 301 2541 nerentur,
320 2494 397 2543 posse
408 2480 508 2531 Vitellii
526 2480 670 2532 exercitum
682 2489 801 2546 egestate
813 2480 937 2544 stipendii
956 2479 1132 2544 frumentique
1145 2478 1177 2529 ad
1198 2480 1271 2529 dedi·

166 2558 264 2609 tionem
276 2561 369 2625 subigi.
402 2559 501 2612 Eadem
514 2564 651 2614 Mucianus
661 2564 761 2613 crebris
781 2563 898 2628 epistolis
916 2561 1049 2623 monebat,
1069 2562 1230 2610 incruentam
1241 2567 1271 2612 et

164 2639 223 2690 'sine
244 2642 318 2691 lactu
336 2643 470 2693 victorium
489 2649 517 2694 et
536 2644 587 2694 aliu
604 2643 781 2709 hujuscemodi
804 2642 984 2708 praeterendo,
1004 2642 1049 2692 sed
1069 2642 1158 2706 gloriae
1177 2642 1269 2692 avidus

164 2729 246 2786 atque
266 2736 341 2771 omne
362 2722 425 2773 belli
445 2724 526 2775 decus
545 2725 595 2776 sibi
611 2726 737 2776 retinens.
771 2725 894 2775 Ceterum
912 2739 945 2774 ex
965 2723 1121 2775 instantibus
1140 2731 1269 2773 terrarum

163 2801 257 2867 spatiis
273 2803 380 2853 consilia
399 2810 460 2868 pust
478 2820 519 2856 res
538 2804 726 2857 afferebantur.
760 2806 845 2870 Igitur
864 2807 1000 2870 repentino
1017 2807 1122 2856 incursu
1140 2805 1270 2857 Antonius

163 2882 292 2932 stationes
302 2883 413 2934 bostium
423 2884 528 2950 irrupit,
540 2888 700 2953 tentatisque
711 2886 763 2936 levi
774 2887 865 2952 proelio
876 2887 975 2952 animis,
987 2904 1019 2938 ex
1032 2903 1106 2954 aequo
1118 2888 1269 2940 discessum.

164 2964 231 3014 Mox
251 2966 355 3015 Caecina
365 2966 436 3016 inter
447 2966 586 3018 Hostiliam
598 2970 684 3020 vicum
695 2970 883 3020 Veronensium
894 2977 922 3020 et
942 2970 1049 3035 paludes
1068 2970 1172 3021 Tartari
1187 2968 1270 3021 flumi-

162 3044 303 3095 niscastra
313 3048 464 3113 permuniit,
481 3054 555 3099 tutus
565 3050 633 3112 loco,
652 3065 711 3100 curn
721 3056 799 3116 terga
818 3049 934 3111 flumine,
950 3053 1033 3101 latera
1043 3052 1151 3115 objectu
1167 3052 1269 3116 paludis

162 3131 325 3189 tegerentur.
366 3129 480 3180 Quodsi
499 3128 618 3182 affuisset
635 3130 711 3196 fides,
730 3140 776 3183 atrt
794 3134 906 3197 opprimi
925 3134 1050 3183 universis
1070 3132 1268 3184 Vitellianorum

162 3206 264 3257 viribus
275 3209 333 3259 dnm
346 3211 459 3273 legiones
470 3210 583 3261 nondum
600 3213 741 3279 conjuncto
752 3215 863 3265 Moesico
874 3215 991 3264 exercitu
1004 3221 1120 3278 potuere,
1131 3221 1177 3264 aut
1185 3221 1268 3264 retro·

161 3290 231 3338 setae
251 3288 357 3341 deserta
372 3292 452 3342 ltalia
468 3299 570 3356 turpem
588 3292 676 3357 fugam
693 3295 890 3345 conscivissent.
929 3294 981 3344 Sed
993 3295 1099 3345 Caecina
1120 3295 1268 3360 pervarias

161 3380 248 3417 moras
258 3370 343 3434 prima
352 3372 469 3423 hostibus
477 3373 595 3423 vendidit
607 3380 726 3439 tempora
736 3376 810 3439 belli,
818 3376 879 3425 dum
890 3390 954 3445 quos
967 3376 1042 3425 armis
1054 3376 1152 3440 pellere
1164 3390 1267 3440 promp·

162 3454 221 3502 tum
239 3457 305 3516 erat,
321 3451 440 3518 epistolis
461 3455 590 3520 increpat,
612 3456 695 3507 donec
715 3472 763 3521 per
784 3458 890 3507 nttneloa
909 3464 988 3522 pacta
1007 3457 1123 3524 pertidia
1140 3456 1266 3510 firmaret.

161 3529 275 3581 Interim
293 3531 412 3597 Aponius
423 3534 575 3585 Saturninus
587 3551 644 3586 cnm
664 3538 767 3603 legione
784 3551 837 3587 vn.
854 3538 996 3589 Claudiana
1011 3539 1127 3589 advenit.
1159 3539 1267 3603 Legiont

160 3610 282 3663 tribunus
290 3614 429 3679 Vipsanius
442 3617 568 3667 Messalla
579 3626 703 3682 praeerat,
715 3620 792 3669 claris
806 3621 955 3685 majoribus,
970 3621 1091 3685 egregius
1101 3621 1167 3685 ipse,
1183 3621 1267 3686 etqui

160 3693 195 3743 ad
207 3693 234 3742 id
248 3694 343 3744 bellurn
359 3698 429 3746 solus
441 3705 511 3747 artes
521 3698 601 3747 bonas
613 3699 752 3748 attulisset.
787 3700 843 3749 llas
855 3702 888 3750 ad
907 3702 995 3765 coplas
1007 3715 1168 3765 nequaquam
1184 3700 1267 3751 Vitel-

159 3773 237 3824 iianis
249 3789 325 3838 pares
341 3775 451 3841 (quippe
472 3785 525 3828 tres
542 3779 626 3829 adhuc
646 3780 763 3843 legiones
782 3782 869 3842 erant)
885 3783 954 3832 misit
965 3782 1086 3846 epistolas
1098 3781 1210 3844 Caecina,
1227 3787 1267 3834 te·

160 3855 310 3905 meritatem
320 3856 391 3906 vieta
402 3871 474 3907 arura
492 3860 660 3909 tractantium
678 3861 806 3910 incusans.
838 3863 919 3913 Simul
931 3865 1012 3913 virtus
1022 3864 1173 3913 Germanici
1192 3878 1266 3913 exer·

162 3937 231 3986 citus
247 3937 368 3988 laudibus
389 3939 569 4002 attollebatur,
584 3942 685 3991 Vitellii
703 3943 806 3991 modica
824 3950 851 3992 et
868 3946 970 4008 vulgari
991 3946 1132 4007 mentione,
1148 3945 1218 3994 nulla
1239 3945 1266 3994 in

160 4017 350 4082 Vespasianum
361 4021 526 4070 contumelia
559 4022 630 4071 Nihil
641 4037 746 4087 prorsus
761 4023 829 4088 quod
850 4030 895 4073 ant
905 4033 1085 4088 corrumperet
1094 4027 1205 4087 hostem,
1220 4031 1266 4076 ant

159 4105 284 4150 terreret.
317 4102 498 4152 Flavianarum
517 4104 630 4168 partium
649 4105 737 4168 duces,
755 4107 848 4155 omissa
867 4106 961 4170 prioris
973 4105 1085 4157 fortuna
1105 4104 1265 4170 defensione,

160 4194 209 4245 pro
218 4182 382 4245 Vespasiano
391 4182 538 4248 magnifice,
554 4199 602 4249 pro
613 4200 704 4236 caussa
715 4186 837 4251 fidenter,
848 4186 882 4238 tle
893 4189 966 4238 exitu
978 4187 1073 4249 secun,
1090 4188 1117 4237 in
1128 4186 1263 4237 Vitellium

161 4266 191 4312 ut
204 4261 312 4314 inimici.
345 4264 429 4316 Facta
438 4264 558 4317 Tribunis
569 4273 597 4318 et
614 4267 816 4319 centurionibus
827 4268 958 4320 retinendi
972 4283 1030 4337 qna
1041 4268 1164 4321 Vitellius
1180 4266 1264 4320 indul·
