3042 4950
517 359 567 408 ns.
583 359 658 408 nm.
682 360 740 410 111.
764 359 982 410 snrssmmu.
1214 350 1302 419 4473

314 682 597 779 nxcunsus
626 701 706 797 sn
732 703 935 779 ANNAL.
976 704 1084 780 cru.
1106 702 1185 781 111.

736 920 770 972 Α.

230 1046 299 1101 Cat.
309 1054 334 1103 l.
350 1050 413 1102 Mos
426 1052 491 1102 adeo
504 1053 591 1116 tritus,
610 1058 640 1102 ut
651 1052 777 1112 Isidorus,
794 1053 801 1080 ‘
813 1053 898 1102 Funus
910 1052 1008 1103 dictum
1020 1069 1036 1104 c
1046 1055 1160 1106 Fuuibus
1168 1059 1301 1121 sccemis,'

196 1131 273 1196 sclit,
287 1134 296 1161 ⁴
308 1146 372 1199 quos
394 1141 456 1183 ante
478 1130 604 1184 feretrum
623 1133 729 1199 papyris
752 1132 919 1183 circumdatis
936 1133 1075 1187 ferebant?
1106 1134 1256 1204 Ambrosius
1266 1141 1301 1195 dc

196 1212 340 1283 viduitate:
359 1213 367 1241 ‘
379 1214 429 1263 Vel
439 1229 496 1264 cum
505 1214 620 1265 accensis
636 1212 767 1264 funalibus
778 1228 838 1264 mox
849 1215 960 1278 ducitur,
977 1231 1060 1267 noune
1072 1232 1173 1283 pompae
1185 1220 1302 1273 funebris

196 1293 335 1359 exsequias
352 1296 433 1360 magis
452 1301 535 1360 putat,
554 1311 630 1365 qutun
650 1295 790 1346 thalamum
816 1297 987 1361 praepararii'
1020 1298 1122 1350 Alludit
1148 1300 1302 1352 Ambrosius

195 1374 270 1438 illuc,
282 1389 331 1441 quo
340 1369 413 1440 saepe
423 1375 523 1441 politas:
538 1379 596 1441 ut,‘
610 1377 727 1427 Viximus
743 1377 856 1441 insigues
872 1378 941 1427 inter
951 1384 1087 1445 utrumque
1096 1379 1197 1433 focem?
1229 1382 1302 1448 Apu·

196 1456 265 1506 leins
277 1470 311 1508 ιι.
330 1457 425 1507 Florid.
442 1459 619 1510 ‘Comoediam
629 1459 685 1523 ejus
693 1459 765 1523 prins
776 1457 809 1508 ad
827 1456 961 1511 funebrem
980 1458 1075 1525 facem,
1085 1478 1161 1527 quam
1173 1463 1206 1513 sd
1215 1464 1303 1526 nupti·

196 1538 265 1589 alem
277 1538 398 1589 venisse?
432 1541 586 1605 Calpurnius
605 1543 713 1592 Flaccus
731 1541 929 1592 Declamatione
951 1555 1054 1594 xxvrrr.
1071 1545 1185 1594 ‘Fscem
1194 1544 1303 1595 nubenti

197 1616 260 1669 filio
272 1618 420 1685 presseram,
442 1636 476 1671 un
496 1637 587 1687 rogum
605 1622 720 1688 jacentis
740 1621 905 1672 accendam?
939 1623 1015 1673 Quod
1035 1624 1150 1674 isidorus
1164 1624 1211 1688 sit,
1226 1623 1303 1674 funes

195 1714 297 1765 papyro
306 1702 495 1755 circumdatos:
513 1719 563 1755 non
576 1697 594 1755 s
604 1705 727 1767 sehabet,
738 1704 784 1754 sed
794 1719 809 1753 a
819 1706 907 1768 prisco
918 1706 1061 1769 scriptore;
1072 1720 1121 1757 nec
1133 1712 1213 1756 errat.
1246 1705 1302 1755 Pli-

198 1783 270 1835 nium
281 1778 319 1836 ita
330 1787 404 1851 cupio
417 1787 461 1837 lib.
474 1801 599 1853 xrncap.
610 1793 651 1838 28.
667 1788 745 1839 ‘Nec
768 1788 795 1837 in
815 1785 937 1838 fruticum
957 1803 1006 1838 nec
1028 1789 1055 1838 iu
1071 1788 1189 1853 veprium
1207 1802 1303 1853 genere

141 1880 146 1884 ·
194 1865 280 1930 scirpi
292 1864 398 1931 fragiles
408 1870 609 1936 palustrespne:
627 1885 642 1920 e
662 1870 754 1935 quibus
776 1869 895 1919 detrecto
910 1869 1008 1919 cortice
1028 1869 1144 1919 candelas
1165 1869 1305 1918 luminibus

198 1953 227 1997 et
250 1945 383 1998 funeribus
401 1952 537 2002 serviunt?
570 1952 671 2002 Cortex
692 1952 747 2013 ille,
765 1965 817 2002 nou
835 1951 903 2003 aliud
919 1966 996 2016 quum
1014 1951 1155 2002 similitudo
1169 1950 1304 2015 ¹AEgyptine

196 2031 310 2094 papyri:
329 2049 405 2098 quem
421 2034 572 2085 utebantur.
584 2032 694 2084 fortusse
711 2033 827 2084 homiues
842 2033 983 2083 tenuiores.
1015 2034 1096 2084 Faces
1107 2031 1305 2096 autem,cuude·

197 2108 289 2175 iusque
311 2113 339 2162 in
360 2100 494 2164 funeribus
513 2115 667 2180 plerumque
686 2113 833 2165 adultorum
853 2114 987 2179 seperius:
1005 2115 1030 2164 iu
1052 2129 1200 2180 puerorum,
1219 2112 1304 2162 idest

197 2182 299 2242 acerbis
318 2194 525 2261 immaturisque,
547 2210 638 2246 cereos
661 2194 726 2246 fere.
759 2197 797 2246 Ut
818 2203 954 2258 appareat,
975 2194 1044 2260 quod
1070 2195 1205 2258 Interpres
1226 2199 1303 2244 vetus

197 2271 283 2324 Persii
303 2278 410 2340 monuit,
434 2292 527 2341 pueros
545 2279 579 2326 ad
599 2292 690 2328 cereos
712 2279 801 2335 solitos
819 2268 918 2339 efferri,
939 2275 1041 2327 facibus
1061 2284 1148 2328 tumen
1173 2275 1303 2326 immixtis.

197 2353 303 2406 Seuecae
315 2357 414 2423 aliquot
430 2359 489 2409 loca
505 2364 575 2420 stunt,
597 2374 655 2424 quas
666 2359 692 2408 id
704 2360 862 2423 pervincunt
874 2375 880 2408 :
900 2367 929 2408 ut
940 2359 1017 2423 epist.
1027 2372 1127 2410 cxxnr.
1159 2359 1167 2385 ‘
1180 2356 1229 2407 Isti
1240 2356 1311 2406 mibi.

198 2450 260 2487 vero
280 2436 462 2490 defunctorum
483 2440 540 2492 loco
560 2448 634 2492 sunt:
652 2442 808 2507 ‚quantulum
830 2442 898 2491 euim
918 2439 1035 2492 afuners
1046 2440 1149 2504 absunt,
1160 2432 1303 2503 etquidem

198 2518 304 2579 acerbo,
320 2522 365 2587 qni
386 2524 418 2572 ad
436 2521 509 2573 faces
530 2529 559 2574 et
581 2539 671 2575 cereos
689 2524 810 2574 vivuntl'
842 2526 884 2573 De
906 2523 1095 2587 tranquillitate
1111 2522 1173 2572 vitae
1190 2534 1249 2582 cup.
1262 2523 1304 2569 11.

197 2598 325 2652 ‘Totiens
342 2602 368 2652 in
389 2604 483 2662 vicinia
501 2593 558 2656 men
572 2605 764 2655 conclamatum
782 2610 833 2667 est,
851 2605 947 2654 totiens
957 2614 1054 2668 praeter
1065 2604 1145 2653 limen
1156 2603 1305 2651 immaturas

199 2684 337 2748 exsequias
349 2683 395 2735 fax
411 2700 553 2752 cereusque
573 2685 724 2750 precessit!
757 2685 799 2734 De
810 2685 939 2735 brevitate
951 2686 1021 2748 vilse,
1037 2699 1094 2749 cap.
1105 2685 1153 2732 nlt.
1170 2680 1304 2735 ‘Quidum

198 2777 261 2814 vero
268 2764 411 2831 disponunt
419 2768 499 2818 stiam
508 2769 551 2818 ills
562 2784 619 2835 quae
626 2769 696 2818 ultru
708 2767 788 2818 vitum
796 2768 951 2832 snut,moles
962 2781 1067 2831 mugnus
1077 2764 1264 2829 sepulcrorum,
1274 2768 1305 2816 et

198 2859 308 2910 opernm
330 2849 493 2914 publicorum
513 2850 700 2915 dedicationes,
716 2856 744 2901 et
757 2850 791 2899 ad
802 2865 892 2915 rogum
903 2864 1020 2912 munera,
1032 2856 1060 2899 et
1070 2847 1220 2898 ambitiosas
1230 2860 1305 2896 exse-

199 2927 281 2992 quias.
314 2930 352 2984 At
363 2932 511 2982 mehercule
523 2932 629 2984 istorum
647 2931 748 2996 funera,
760 2938 883 2998 tanquam
896 2931 1000 2981 nimium
1012 2930 1133 2991 vixerint,
1147 2929 1179 2979 ud
1192 2926 1265 2977 faces
1275 2931 1305 2979 et

200 3021 290 3061 cereos
300 3010 455 3064 deduconda
465 3020 525 3064 suut
536 3012 553 3064 ι’
570 3014 614 3063 ubi
632 3015 712 3064 scribi
730 3015 863 3064 sententis
880 3016 944 3077 vult,
957 3019 1069 3077 rasorum
1078 3011 1209 3061 minimum.
1241 3010 1306 3058 Per-

200 3094 269 3145 tinet
285 3094 318 3145 ad
338 3093 460 3146 funebres
475 3093 547 3146 foces
564 3098 643 3146 etism
658 3097 778 3152 Suetonii
799 3098 883 3159 locus,
898 3094 967 3159 Aug.
987 3094 1074 3158 capite
1090 3098 1131 3143 23.
1146 3089 1304 3155 ‘Masgaban

199 3177 326 3234 tumulum
338 3191 397 3227 cum
409 3191 443 3226 cx
455 3177 566 3227 triclinio
577 3178 805 3230 animadvertisset
821 3192 919 3242 magns
927 3177 1004 3227 turba
1021 3176 1161 3239 multisque
1169 3171 1305 3242 luminibus
1405 3225 1410 3236 ι

199 3256 338 3321 celebrari,
348 3257 408 3308 &cf
427 3258 471 3324 qui
488 3266 576 3309 tamen
586 3261 619 3310 ad
632 3261 843 3325 parentationem
854 3273 964 3310 annuum
976 3264 1089 3322 spectat,
1107 3271 1156 3306 non
1167 3255 1199 3305 ad
1209 3252 1306 3303 funeris

200 3335 393 3392 deductionem.
558 3347 561 3352 ’

739 3473 771 3523 Β.

233 3598 302 3649 Csn.
321 3602 362 3649 22.
388 3599 486 3670 Curcer
508 3600 605 3664 triplex
627 3606 676 3661 est,
691 3601 741 3667 (uit
762 3608 840 3653 vetus
855 3600 984 3664 interpres
1002 3596 1148 3659 Juvenalis)
1173 3596 1304 3657 Urbanus,

200 3678 333 3744 Rusticus,
351 3682 506 3732 Castrensis.
539 3681 670 3744 Urbanus,
698 3687 727 3731 nt
745 3688 806 3734 sunt
822 3689 925 3732 tnrrcs:
949 3680 1080 3741 Rusticus,
1102 3683 1131 3727 ut
1156 3678 1303 3741 ergastulss

200 3760 356 3825 Castrensis,
374 3763 478 3827 quando
495 3764 594 3828 captivi
614 3764 752 3816 trahuntur
773 3765 897 3815 catenati.
931 3763 1014 3812 Notst
1031 3762 1081 3810 hoc
1093 3758 1127 3810 sd
1145 3774 1203 3808 eum
1219 3760 1305 3810 locum

199 3843 350 3895 Juseuslis:
378 3844 466 3895 ‘Inde
487 3845 553 3896 fidcs
576 3845 638 3909 arti,
658 3846 745 3896 sonuit
764 3846 785 3894 si
808 3843 918 3894 dexteru
933 3842 1005 3893 ferro
1030 3844 1171 3907 Lassaque,
1187 3841 1209 3889 si
1228 3841 1306 3904 longo

200 3930 345 3976 castrorum
367 3925 395 3975 in
417 3939 525 3976 csrcerc
544 3926 656 3977 msnslt!
690 3926 742 3976 Sed
761 3925 858 3990 potuit,
878 3923 929 3973 imo
940 3923 1040 3985 debuit,
1052 3924 1140 3988 punllo
1151 3922 1307 3972 distinctius.

202 4004 269 4056 Nam
288 4006 316 4056 in
325 4063 329 4066 ,
338 4007 402 4057 urbs
413 4007 471 4071 ipss
483 4008 580 4073 triplex
599 4008 667 4059 ratio
688 4007 844 4059 observandi
854 4005 981 4069 captivos.
1013 4005 1069 4055 Aut
1080 4005 1148 4055 enim
1159 4004 1186 4054 iu
1198 4017 1306 4054 carcere

200 4086 364 4138 lrsbebsutur
383 4090 492 4154 locoque
511 4091 645 4154 concluso,
663 4091 725 4140 sine
746 4090 799 4141 ullo
814 4090 916 4149 milite3
933 4093 963 4138 nt
975 4086 1157 4149 fercservitis,
1174 4091 1202 4135 ct
1218 4084 1307 4149 cuplts

201 4165 311 4232 vilioru3
327 4178 374 4222 sut
391 4171 559 4223 incustodis
572 4173 699 4235 militsri3
719 4179 766 4223 snt
784 4173 811 4222 ln
828 4171 928 4222 sedibus
942 4169 1148 4233 magistratuum.
1180 4164 1308 4216 Custodia

201 4251 549 4320 ntbtnnfssqoeminims,
563 4265 592 4305 st
611 4256 700 4307 Romus
716 4260 745 4305 ct
754 4254 782 4305 lu
794 4252 949 4321 provincils:
962 4252 1070 4317 ejusque
1081 4247 1181 4314 modus,
1192 4252 1222 4297 ut
1231 4244 1306 4312 isqui
