3042 4950
226 410 314 481 tedii
581 424 612 474 r.
635 421 747 473 mrsu
773 418 972 472 nxcnasns

227 574 294 624 Post
304 586 363 624 eum
374 571 451 622 Caius
466 568 475 600 ‘
485 567 679 635 magistratibus
696 567 804 618 liberam
811 565 1018 632 jurisdictionem
1028 562 1164 630 permisit,’
1174 565 1211 616 ait
1222 563 1328 621 Sueton.

228 669 252 709 c·
262 659 303 705 lii.
318 654 337 704 i.
349 669 374 704 e.
392 653 447 705 sine
458 649 633 716 appellatione
643 650 748 714 plenam
758 649 938 713 priscamque:
955 648 1001 698 aed
1011 647 1039 696 ld
1049 661 1102 698 non
1111 647 1259 698 diuturnum
1269 645 1330 709 fnit,

228 752 281 789 non
300 737 382 801 magis
403 748 480 800 quam
497 731 623 796 permissa
641 729 675 781 ab
695 745 727 780 eo
748 729 913 780 comitiorum
931 730 1049 780 libertas.
1082 729 1136 780 Dio
1156 729 1218 779 milri
1238 735 1330 780 auctor

228 819 275 871 lib.
286 831 367 870 avrti.
378 816 425 867 snb
436 814 500 866 Caio
510 822 655 878 receptum,
664 811 800 877 utJodlcia
808 811 927 877 quadam
934 811 1044 862 Senatus
1052 812 1231 873 tractarct‚ita
1241 817 1330 861 tamen

227 908 258 952 nt
269 901 302 953 ab
313 914 344 950 eo
355 899 483 962 Princeps
494 896 679 961 appellaretur.
710 894 764 945 Sed
781 893 925 958 appellatio
943 893 1083 958 Principis,
1102 899 1132 944 nt
1149 900 1329 957 apparet‚nou

229 983 286 1033 sine
296 978 451 1046 poneiuit3
465 993 541 1043 prena
551 977 622 1040 dico,
638 977 718 1028 ineos
738 976 783 1043 qoi
794 983 894 1026 temere
914 977 1100 1040 appellassent.
1131 976 1193 1027 Quo
1210 975 1331 1040 exemplo

228 1078 297 1114 nuno
308 1062 381 1113 Nero
390 1068 493 1112 anctum
503 1060 624 1111 honorem
631 1060 744 1109 Senatus
754 1060 791 1120 it;
808 1058 952 1123 statuitque
962 1064 993 1108 ot
1001 1057 1092 1108 cadem
1103 1071 1189 1122 poena,
1202 1057 1246 1122 qni
1256 1056 1330 1107 illum

228 1151 360 1197 temerae
378 1142 487 1208 privatis
502 1141 634 1207 jndicibus
653 1143 839 1207 appellassent,
855 1147 1018 1204 tenerentur,
1037 1155 1088 1207 qna
1105 1140 1150 1205 qni
1168 1139 1331 1204 Principem.

228 1226 389 1278 Sententiam
411 1226 478 1275 hanc
499 1223 563 1274 eatis
582 1222 672 1288 capio:
698 1222 921 1274 conlirmatloacm
940 1236 1029 1289 quaro
1051 1228 1080 1272 et
1096 1221 1224 1285 exempla.
1258 1220 1331 1270 Nihil

229 1307 297 1358 enim
310 1321 363 1370 pre
375 1320 451 1355 manu
467 1303 529 1354 milri
540 1304 609 1369 quod
620 1305 687 1355 istuc
698 1303 788 1367 faciat,
798 1304 848 1354 nisi
859 1303 930 1356 forte
940 1319 998 1371 qna
1012 1304 1046 1355 de
1062 1318 1139 1370 poena
1157 1300 1332 1368 prajodiciali

229 1404 318 1440 eorum
336 1388 380 1453 qni
398 1402 415 1438 a
433 1385 564 1437 Praefecto
574 1387 645 1437 nrlais
654 1388 837 1452 appellassent,
853 1386 1019 1453 Symmachus
1029 1385 1122 1438 scribit
1133 1384 1180 1436 lib.
1192 1397 1220 1434 x.
1230 1383 1332 1434 dnobus

227 1471 302 1520 locis.
326 1470 410 1522 Quem
422 1474 452 1518 tn
462 1468 557 1537 cupide
568 1468 652 1520 lector
662 1469 731 1520 ride.
765 1469 831 1520 Mihi
842 1485 858 1519 a
868 1470 951 1520 latere
963 1468 1090 1533 tragulam
1101 1466 1189 1532 iojleit
1198 1466 1333 1530 Tranquil-

227 1551 277 1613 lus,
287 1551 331 1617 qui
340 1552 406 1601 hauc
417 1550 499 1615 ipsam
511 1564 565 1601 reni
577 1556 696 1616 tangens,
714 1566 773 1617 cap.
786 1557 826 1602 17.
846 1552 908 1601 nihil
923 1565 1013 1602 eorum
1023 1563 1081 1616 que
1090 1549 1209 1610 Tacitus,
1224 1547 1270 1597 sed
1280 1546 1331 1598 hoc

229 1640 330 1684 tantum
349 1631 425 1696 dicit,
441 1631 572 1685 ‘Cautum
592 1638 621 1682 ut
638 1646 726 1682 omnes
746 1634 934 1698 appellationes
945 1630 1099 1698 ajodlcibes
1110 1628 1143 1680 ad
1154 1625 1333 1707 Senstnmlief

229 1714 304 1768 rent?
338 1714 432 1765 lieret
444 1713 470 1763 id
479 1713 615 1779 spiculum,
625 1720 654 1764 et
662 1726 713 1764 oon
724 1715 817 1766 evello.

324 2297 608 2383 EXCURSUS
638 2306 719 2383 AD
752 2306 956 2387 ANNAL·
992 2304 1103 2387 ΠΒ.
1137 2301 1233 2379 XV.

761 2535 796 2585 A.

261 2674 376 2729 Caeli.
392 2678 489 2730 Caura
497 2679 662 2747 investigatio
672 2683 728 2748 ejus
738 2681 791 2733 diei
802 2681 904 2733 aclade
914 2678 1012 2731 Aliensi
1021 2677 1080 2743 capi
1089 2681 1186 2741 potest,
1195 2679 1224 2725 et
1234 2672 1331 2725 debet:

227 2771 304 2822 quam
316 2767 416 2809 certum
434 2768 476 2811 est
492 2762 648 2813 anteriorem
658 2762 746 2827 fuisse,
756 2769 785 2814 at
795 2763 870 2813 fastis
881 2761 1015 2826 perpetuis
1025 2759 1148 2810 traditam
1159 2763 1188 2807 et
1197 2756 1334 2821 almaton),

227 2835 338 2902 ideoque
349 2847 377 2890 et
388 2840 466 2904 vulgo
476 2849 574 2892 notam.
605 2843 699 2894 Cicero
710 2842 743 2893 ad
756 2842 894 2893 Atticum:
910 2841 1048 2905 *Μῄονα
1065 2839 1149 2889 nostri
1164 2835 1333 2886 funestiorem

227 2915 297 2967 diem
305 2934 363 2969 esse
374 2921 510 2973 voluerunt
520 2921 632 2974 Aliensis
650 2939 755 2989 pugnae,
770 2939 847 2989 qaam
861 2922 935 2973 urbis
946 2930 1041 2987 capte,
1052 2919 1120 2987 qood
1131 2919 1180 2970 noe
1191 2918 1287 2968 malurn
1297 2931 1332 2968 ex

225 2997 287 3049 ilio:
303 2999 394 3066 itaque
412 3003 480 3053 alter
499 3004 631 3068 religiosus
641 3006 720 3056 etiam
730 3019 800 3055 nnnc
811 3005 955 3067 dicaciter
966 3004 992 3053 in
1009 3003 1102 3066 volgus
1112 2997 1233 3065 ignotus!
1266 2998 1333 3051 ouis

227 3078 308 3145 igitur
318 3081 381 3133 ille?
415 3083 502 3136 Liuius
519 3100 553 3135 ex
569 3085 684 3150 professo
704 3087 793 3150 tradit,
812 3087 886 3137 initio
903 3086 949 3137 lib.
959 3099 1000 3136 vt.
1016 3084 1114 3134 ‘Diem
1134 3098 1158 3132 a.
1174 3083 1201 3132 tl.
1212 3081 1332 3134 assi.

226 3160 340 3214 Sextiles
350 3163 448 3229 duplici
458 3165 534 3216 clade
543 3167 679 3231 insignem,
688 3182 740 3233 qno
759 3168 803 3218 die
820 3167 853 3217 ad
874 3169 1024 3218 Cremeram
1035 3164 1112 3216 Fabii
1127 3163 1198 3225 cesi,
1209 3176 1260 3228 qno
1271 3161 1333 3212 dein

226 3243 263 3302 ad,
270 3242 367 3308 Aliam,
377 3261 435 3296 cum
446 3247 871 3314 exiliourbiufcdepugnatuma’
904 3249 1003 3299 Eadem
1021 3247 1106 3298 Taciti
1124 3246 1207 3296 nostri
1225 3244 1333 3295 assertio

194 3335 196 3340 ’
227 3323 300 3378 Hist.
320 3340 353 3378 11.
376 3328 410 3377 de
430 3328 548 3393 Vitellio,
564 3344 641 3394 quem
662 3330 744 3380 tradit
759 3329 883 3382 ‘funesto
902 3329 988 3380 omine
1005 3328 1039 3379 de
1056 3327 1203 3378 cerimoniis
1221 3324 1333 3391 publicis

227 3405 339 3458 edixisse
359 3422 407 3460 xv.
424 3409 486 3462 Kal.
504 3409 626 3476 Augusti,
642 3412 686 3462 die
708 3412 850 3480 antiquitus
868 3410 981 3462 infausto
998 3408 1162 3461 Cremerensi
1179 3406 1332 3472 Aliensiqee

226 3487 361 3542 cladibus?
393 3492 464 3555 &gu
480 3506 570 3543 eorum
588 3501 677 3545 mente
687 3509 782 3559 pugne
793 3494 838 3544 ille
848 3494 920 3545 dies:
936 3507 1045 3559 sequem
1056 3497 1143 3542 antem
1155 3490 1225 3540 urbis
1235 3495 1333 3552 captae,

226 3576 254 3620 ct
263 3569 392 3623 incensae:
411 3573 479 3639 quod
489 3575 579 3625 Livius
589 3575 652 3627 item
663 3576 752 3627 tradit.
770 3578 778 3605 ‘
789 3574 923 3640 Ingressi‚'
932 3573 1042 3640 iuquit,‘
1054 3565 1213 3637 postero'die
1224 3570 1330 3629 orbemt

226 3657 334 3715 patente
345 3655 448 3707 Collina
459 3657 551 3722 porta!
585 3658 652 3709 Haec
668 3660 691 3709 sl
701 3660 740 3709 ita
748 3674 821 3722 vera,
838 3659 895 3724 quis
905 3672 958 3708 uon
969 3656 1042 3706 videt
1054 3668 1113 3704 xiv.
1122 3652 1235 3704 Kalend.
1246 3652 1332 3716 ipsum

225 3731 339 3785 incendii
351 3736 419 3788 diem
429 3737 531 3790 fuisset
548 3745 577 3790 el
587 3746 660 3792 recte
670 3741 750 3805 igitur
760 3742 803 3791 iric
814 3742 852 3791 ita
861 3740 888 3789 in
900 3739 994 3788 Tacito
1004 3735 1139 3801 scriptum.
1171 3734 1209 3784 At
1227 3732 1271 3783 alii
1281 3731 1333 3782 for·

225 3818 297 3870 lesse
308 3817 471 3872 dissentient.
503 3821 630 3874 Minime:
646 3823 698 3873 imo
716 3822 833 3886 Agellios
851 3836 867 3872 c
883 3820 977 3871 Verrio
995 3819 1092 3868 Flacco
1111 3816 1205 3876 refert,
1221 3817 1239 3865 Ι.
1253 3829 1281 3865 v.
1292 3817 1333 3866 rt.

226 3910 287 3947 cum
296 3913 415 3952 caussam
426 3901 530 3965 peterit,
547 3918 595 3953 cur
615 3903 672 3954 dies
689 3902 853 3967 postriduani
869 3902 919 3951 atri
937 3899 1061 3950 Romania
1075 3898 1174 3947 liabiti?
1190 3895 1279 3957 refert,
1295 3896 1333 3945 iu·

226 3992 312 4045 (litim,
328 3982 336 4008 ‘
349 3981 382 4034 Q.
400 3981 543 4047 Sulpicium
555 3984 696 4035 Tribunum
715 3984 836 4044 militnm,
844 3981 969 4032 adversus
980 3979 1071 4029 Gallos
1081 3986 1267 4042 pugnaturum,
1277 3991 1335 4027 rem

224 4059 588 4130 divinamdimicandi'gratia
598 4067 726 4131 postridie
737 4066 801 4115 Idus
811 4063 920 4125 fecisse5
936 4070 963 4112 et
982 4069 1041 4127 post
1058 4060 1128 4110 diem
1148 4060 1255 4109 tertiam
1273 4058 1331 4122 ejus

226 4140 279 4196 sitsi
288 4143 378 4194 urbem
388 4159 403 4194 n
414 4146 498 4197 Gallis
509 4157 664 4212 occupatam
675 4147 752 4200 esse?
784 4146 886 4199 Quibus
896 4144 981 4195 verbis
994 4144 1017 4195 si
1034 4143 1092 4195 bac
1102 4142 1233 4192 sententia
1242 4147 1294 4201 est,
1303 4147 1345 4189 nt,

227 4223 291 4275 velit
298 4230 352 4278 tres
363 4225 417 4277 dies
427 4227 537 4293 medios,
545 4237 575 4283 et
585 4230 789 4296 quartodamnm
798 4234 958 4296 pugnaturnt
975 4224 1162 4293 proiectocnm
1169 4222 1243 4276 Livio
1251 4219 1332 4274 uentu
