3042 4950
490 416 531 468 ΙΝ
558 419 632 469 ulit.
655 418 720 468 XV·
743 418 965 471 bisuntium.
1191 408 1280 477 4607.

172 574 206 619 st
223 562 327 628 Tacito,
342 568 371 614 ct
390 577 486 631 pngpn
500 562 556 614 dier
566 562 617 613 erit
627 562 834 626 Doeisasqsisstss
844 563 1016 617 Kromna.
1049 566 1113 617 Esse
1133 572 1229 632 antem,
1246 582 1280 619 ex

170 646 315 713 ipsoIsirio
325 645 432 708 dixeris,
443 645 470 701 ln
486 658 538 710 qao
555 644 654 709 puriter
671 644 709 694 ita
726 644 871 708 scriptum:
888 646 985 698 ‘Quod
1004 647 1129 711 postridie
1147 649 1209 700 idus
1229 666 1280 701 non

170 728 274 779 litasset
287 727 426 792 Sulpicius,
441 734 470 783 et
491 733 551 791 post
569 725 638 776 diem
655 726 761 777 tertium
780 725 899 790 objectus
915 727 982 778 boati
1001 730 1132 781 exercitus
1150 732 1280 781 Romanus

171 809 261 860 esset!
294 810 331 859 At
341 809 363 859 al
374 810 432 875 quis
443 809 530 872 aliter,
540 814 568 859 ct
586 808 651 859 velit
667 810 801 872 posidium
819 811 925 872 tertiam,
943 809 1088 875 significare
1106 813 1191 877 ipsum
1210 813 1280 864 diem

171 891 295 954 tertium3
313 899 366 942 tum
385 897 459 945 certe
477 888 572 954 fateor,
583 902 641 942 xvi.
660 891 784 940 Kalendas
802 890 871 940 diem
889 905 983 955 pugnas
1001 891 1091 956 inissa,
1106 894 1234 959 quomodo
1253 895 1280 945 in

171 971 245 1040 Viris
254 973 398 1024 illustribus
408 972 583 1039 (quocumque
592 971 712 1036 auctore)
720 978 761 1022 est
772 974 910 1037 scripturn.
940 975 992 1024 Sed
1004 976 1045 1026 vel
1053 974 1090 1025 sic
1101 975 1157 1039 ipsc
1166 975 1280 1029 incendii

171 1055 228 1111 stes
241 1056 343 1117 ausit,
357 1069 410 1105 nou
421 1053 538 1105 hercules
555 1066 615 1103 xvr.
649 1052 744 1117 itaque
754 1052 818 1103 nibil
830 1053 995 1119 rideo,qnod
1007 1054 1088 1105 virum
1107 1056 1177 1107 illam
1195 1062 1279 1122 tegat,

170 1136 222 1187 uisi
232 1135 300 1189 t'urtc
312 1136 473 1198 Macrobius,
487 1136 531 1201 qui
541 1135 691 1186 describens
703 1133 839 1198 Agelliana
848 1135 902 1198 illa,
913 1142 944 1186 nt
955 1137 1031 1195 solet,
1043 1137 1163 1188 adserere
1175 1137 1280 1189 videtur

170 1218 314 1281 dispostrrs
324 1233 400 1283 quarn
410 1217 539 1282 Sulpicius
550 1218 617 1268 mule
629 1216 811 1280 sacrificasset,
822 1225 964 1283 pugnaturn
975 1216 1062 1268 fuisse.
1094 1218 1147 1269 Sed
1157 1219 1206 1273 boc
1216 1234 1280 1270 sanc
1362 1226 1364 1229 '

169 1299 274 1363 falsam,
283 1305 311 1349 et
322 1298 467 1363 improvide
478 1313 493 1349 a
504 1298 640 1350 Macrobio
648 1299 786 1362 scriptum,
794 1298 864 1349 sicut
875 1299 938 1349 item
949 1314 964 1349 a
976 1301 1117 1350 Plutarcho
1126 1301 1152 1350 in
1160 1300 1278 1352 Caussis=

164 1379 226 1435 'ors
234 1380 296 1445 μετὰ
305 1380 349 1431 τὰς
362 1378 496 1432 nunnius
506 1378 588 1443 silubr,
606 1378 635 1430 ds
650 1381 692 1431 νῦν
699 1379 800 1430 Ἰουλίας
817 1381 941 1445 καλοῦσιν,
953 1378 1077 1444 ἐξάγοντος
1086 1381 1109 1432 cl
1118 1381 1241 1447 χιλίαρχοι
1250 1379 1280 1432 τὸ

169 1462 317 1530 asperum,
332 1462 385 1528 περὶ
403 1462 445 1515 τὸν
459 1461 543 1523 Ἀλίαν
559 1461 666 1524 πότιμον
683 1462 845 1528 ἐκρατήθησαν
861 1463 906 1512 brb
923 1466 1021 1513 Κελτῶν
1038 1461 1119 1530 μέχρι
1139 1465 1209 1521 Quod
1224 1471 1281 1530 post
1329 1472 1331 1476 ’

172 1545 384 1606 cumbarum,
394 1559 451 1608 psus
459 1560 521 1597 susc
531 1544 613 1594 Julius
623 1548 716 1603 rocam,
725 1546 847 1595 cdacmtes
857 1545 957 1601 Tribuni
966 1546 1054 1610 comus,
1061 1548 1094 1596 od
1102 1545 1281 1612 summ

170 1627 321 1678 obtinento
332 1625 419 1675 Gallis.
456 1624 596 1689 Indefinite
607 1631 653 1675 aut
662 1622 727 1675 t'also
745 1625 787 1674 aio
804 1625 919 1677 dictum:
938 1642 988 1691 quo
1007 1629 1178 1690 argumento?
1195 1638 1281 1699 certo,

171 1706 241 1772 quod
253 1705 353 1757 Livium
364 1705 421 1768 ejus
432 1705 470 1754 rei
482 1711 615 1755 auctorem
626 1704 680 1769 dut,
691 1705 734 1769 qui
747 1706 831 1769 palam
851 1713 944 1756 contra
961 1707 1077 1773 scripsit,
1090 1715 1119 1758 ut
1125 1709 1183 1774 jam
1193 1717 1280 1762 osten.

170 1804 236 1840 snm.
270 1789 338 1838 Nam
349 1788 506 1837 Plutarchus
525 1788 572 1851 ibi,
584 1788 626 1838 ‘its
643 1788 785 1838 οἱπλεῖστοι
801 1787 944 1852 νομίζουσιν,
963 1787 1003 1838 sul
1021 1788 1102 1847 Λίβιοο
1121 1790 1225 1855 ἱστορεῖς
1244 1793 1280 1843 Ut

168 1870 269 1936 plarisrs'
283 1869 442 1932 alumnas,
459 1874 484 1918 et
501 1868 622 1919 Licinis
632 1869 732 1920 Morta
742 1869 836 1919 scribit.
869 1871 920 1921 Ille
930 1885 992 1922 vcro
1002 1872 1051 1923 boc
1062 1887 1112 1924 uon
1124 1874 1232 1925 scribit:
1250 1882 1280 1925 et

170 1965 336 2018 quocumque
355 1964 410 2001 rem
426 1956 523 2015 vcrtm,
544 1964 600 2002 xrs.
619 1952 798 2002 Kalendarum
816 1952 930 2003 incendii
951 1954 1011 2016 erit,
1030 1954 1082 2004 imo
1093 1968 1155 2005 xus.
1166 1955 1278 2006 tortasse

171 2034 259 2099 (muto
269 2034 370 2097 longius
381 2047 397 2081 a
408 2031 481 2099 xrs.)
492 2034 514 2084 si
526 2033 668 2085 Plutarcho
679 2042 708 2084 rt
719 2035 831 2100 Polybio
841 2035 954 2086 credam.
988 2036 1037 2086 illc
1054 2036 1081 2086 iu
1097 2036 1218 2101 Camillo,
1228 2038 1279 2088 iste

171 2115 261 2166 libus.
279 2115 405 2178 scribunt,
420 2128 473 2164 non
489 2119 593 2180 possm,
614 2124 644 2167 ut
662 2117 760 2181 Livius,
780 2118 827 2167 sed
843 2115 942 2167 ‘tertio
961 2116 1074 2183 deniqne
1093 2118 1137 2169 die
1155 2134 1171 2168 a
1192 2133 1279 2183 pugna

171 2197 261 2247 Gallos
271 2195 412 2261 irrupisse!
445 2196 480 2247 Et
496 2197 628 2247 consentit
645 2198 734 2263 etiam,
751 2205 797 2249 aut
814 2204 887 2248 certe
906 2198 1040 2262 distinguit
1056 2205 1084 2248 et
1100 2200 1279 2251 conciliatio.

171 2279 298 2329 Zonaras:
312 2279 373 2344 ‘qui
381 2278 597 2345 posteraquidem
604 2279 646 2330 dle
655 2280 773 2349 irisssad
781 2279 881 2346 urbem'
893 2280 975 2344 vult‚‘
987 2280 1097 2331 sedeurn
1109 2287 1279 2347 portussper·

170 2367 213 2411 tas
224 2361 353 2425 viderent,
365 2361 522 2424 substitisse,
539 2361 644 2412 insidias
655 2363 771 2427 veritos;
788 2368 822 2412 ot
836 2361 918 2412 tertia
935 2360 1047 2427 denique
1066 2361 1109 2412 die
1127 2361 1279 2427 ingressos?

170 2444 276 2510 ltaque,
286 2448 317 2494 ut
334 2441 505 2508 finiam,nibil
517 2443 611 2494 erroris
622 2442 648 2494 in
658 2443 764 2496 Tacito:
782 2457 842 2496 cunr
860 2441 935 2495 Livio
953 2442 1034 2494 sentit
1049 2449 1078 2494 ct
1094 2443 1197 2509 priscis,
1214 2459 1279 2513 quos

169 2521 276 2580 adduxi.

708 2722 742 2773 B.

199 2855 272 2906 cur.
287 2858 329 2905 oo.
346 2852 507 2919 Pada'gogia
515 2853 616 2905 Seneca
628 2852 755 2905 describit
765 2851 842 2917 epist.
853 2855 895 2903 96.
911 2851 1044 2903 ‘Transeo
1052 2851 1155 2918 agmina
1165 2853 1280 2905 exoleto·

169 2949 237 3001 mm,
246 2949 297 3000 por
313 2936 434 2986 nationes
445 2935 598 3001 coloresque
608 2934 751 3000 descripta,
762 2941 792 2985 ut
800 2934 891 2985 cadem
899 2934 1123 2985 omnibnslaeritas
1133 2935 1176 2998 sit,
1186 2936 1280 2987 eadem

169 3019 263 3082 primae
275 3031 397 3067 mensura
406 3016 543 3081 lanuginis,
553 3017 645 3068 audem
653 3017 755 3083 specics
763 3015 932 3082 capillorum!
947 3016 1067 3068 Julianus
1075 3017 1101 3067 in
1111 3015 1278 3067 Antiochino:

170 3099 207 3149 Ob
226 3101 334 3164 πρῶτον
351 3097 381 3159 ἦν
400 3097 508 3149 Mirus
527 3097 605 3163 μόρον
622 3098 668 3158 τὴν
685 3098 776 3163 δνγορδι
793 3096 934 3161 βαδίζοντος
951 3114 1004 3161 σου,
1023 3098 1062 3149 sul
1078 3098 1280 3160 τοῖοοοὴγοῖοθοτ

169 3180 267 3244 καλοὺς,
277 3180 311 3232 rb
322 3179 362 3232 obs
370 3179 547 3238 οτοβλέτοντιν
557 3179 702 3244 duruisse,
719 3181 758 3234 Hi
770 3183 844 3246 pueri
854 3182 1005 3246 plerumque
1016 3181 1049 3230 ud
1060 3181 1151 3231 illicita
1162 3180 1280 3232 dominia.

168 3264 310 3316 Suetonius
322 3265 429 3314 Nerone
440 3278 500 3328 cap.
510 3268 552 3314 28.
569 3265 675 3329 ‘Super
694 3264 863 3329 ingenuorum
883 3262 1046 3328 paedagogia,
1061 3269 1089 3313 et
1104 3268 1290 3322 matronarum,

169 3345 377 3397 concubinatus?
410 3345 574 3411 Pndsgogia
585 3345 655 3395 enim
665 3359 720 3395 non
728 3347 830 3410 culpat,
840 3345 887 3396 sed
898 3345 969 3410 quod
979 3360 1012 3394 cx
1023 3344 1147 3408 ingenuis.
1174 3345 1280 3394 Tertul-

169 3429 254 3480 lianus
265 3428 343 3492 Apol,
360 3429 368 3457 ⁶
381 3428 446 3478 Cum
459 3427 493 3477 da
504 3426 662 3492 paedagogiis
675 3426 767 3478 aulicis
783 3429 960 3492 nescioquem
978 3426 1105 3476 ciuaednm
1125 3426 1279 3492 [Antinoum

120 3553 128 3568 ,
168 3510 311 3574 inmusgis]
322 3510 408 3560 Deum
419 3508 526 3559 facitis?
550 3509 654 3560 Notitia
664 3510 788 3575 imperii:
806 3511 815 3540 ‘
828 3510 877 3561 sub
888 3508 1060 3572 dispositione
1070 3508 1119 3556 riri
1130 3507 1281 3572 spectabilis

170 3592 517 3642 Castrensis’collocautur.
532 3591 717 3656 ίΡτοᾱοςοςὶο.
738 3590 932 3640 ministeriales.
956 3588 1089 3638 dominici.
1107 3602 1185 3637 cerae.
1210 3588 1281 3652 pala·

170 3674 283 3728 norun!
316 3674 417 3724 Plinius
440 3686 546 3723 xxxrrr.
562 3673 641 3725 ‘Jsm
659 3687 722 3722 vero
733 3680 761 3722 et
778 3669 977 3737 padagogiuud
995 3668 1130 3719 transitum
1150 3668 1283 3718 virilitati⁸

170 3757 353 3810 custodiantur
364 3754 502 3820 argentoz'
519 3755 588 3819 quod
608 3753 739 3823 delibutis
758 3754 888 3817 argenteis
904 3750 1026 3808 exaudio,
1037 3749 1134 3799 Veneri
1151 3749 1281 3800 arcendas.

170 3838 242 3890 Usus
253 3838 332 3888 etiam
344 3852 433 3887 eornm
444 3837 477 3885 ad
489 3850 612 3888 mensam.
646 3837 776 3900 Ulpianus
794 3836 839 3885 lib.
852 3849 903 3885 xrs.
915 3835 948 3883 de
961 3831 1096 3883 Instructo
1107 3833 1149 3882 vel
1160 3832 1281 3883 instrum.

170 3920 218 3969 ‘st
230 3920 386 3968 instructum
396 3915 505 3968 tandum
523 3917 645 3982 legasset,
656 3932 689 3967 ca
700 3915 852 3981 pedagogia
862 3930 921 3979 qun
940 3915 977 3964 lbi
988 3914 1111 3977 habebat,
1128 3920 1157 3964 ut
1176 3928 1234 3963 cum
1244 3911 1282 3963 ibi

171 4000 286 4054 nsunt
300 4007 397 4064 presso
416 4007 505 4049 essent
525 4000 551 4049 in
566 3999 687 4062 triclinio,
705 4000 793 4063 legato
811 3995 998 4049 continentur!
1035 3995 1090 4046 llos
1106 3994 1236 4046 habebant
1253 3994 1281 4042 in

170 4083 379 4147 rwprctioaa
412 4081 769 4143 SenecaDevitabcata,c.
786 4085 825 4131 17.
851 4080 960 4132 ‘Quare
977 4077 1157 4143 paedagogium
1168 4076 1283 4140 pretiosa

172 4171 244 4216 rasta
264 4163 425 4226 succingitur
433 4161 452 4211 i'
478 4162 534 4212 lmo
552 4169 652 4214 aurata.
687 4163 760 4214 idem
782 4164 822 4212 Dc
842 4162 995 4227 tranquillis
1016 4176 1040 4211 c.
1052 4166 1076 4211 1.
1094 4156 1283 4221 ‘Praestriogit

171 4244 285 4295 sumum
293 4251 434 4308 apparatus
444 4243 555 4307 alicujus
567 4244 724 4309 pudapopii,
733 4242 882 4307 diligentius
892 4257 969 4309 quam
980 4242 1049 4294 intra
1060 4241 1191 4306 privatum
1201 4238 1281 4289 laram

173 4325 268 4378 castita
278 4330 308 4377 et
318 4338 380 4377 auro
390 4324 463 4376 cultu
476 4325 616 4392 mancipia,
635 4333 664 4378 et
681 4340 774 4390 agmen
790 4339 925 4379 servorum
941 4322 1098 4376 nitentium!
1131 4320 1282 4373 Ammianm
