3042 4950
515 409 554 457 ru
581 408 654 458 urs.
677 407 713 458 v.
739 408 958 460 aununrnu.
1192 392 1280 466 trel

176 546 251 616 piam
263 566 277 600 e
287 550 403 601 Senatu:
420 553 563 603 scilicetne
573 569 667 604 arcana
679 562 782 620 patrum
795 556 875 606 sciret
883 564 933 606 non
945 571 960 606 e
970 556 1095 621 patribus.
1130 560 1281 623 Colligimus

178 647 215 682 ex
226 634 319 682 Tacito
329 622 381 693 uic,
393 635 436 699 qui
447 636 554 686 drinium
565 637 633 686 hunc
647 636 783 687 Rusticum
795 637 948 687 Senatorem
960 640 1073 689 ostendit
1086 638 1164 701 int'ra,
1186 642 1281 694 ‘Quod

178 711 275 765 frande
286 717 360 765 unius
370 716 502 766 Senatoris
514 719 586 767 elusa
598 720 720 783 majestas
732 721 900 784 imperatoria
912 719 996 770 esset!
1028 722 1063 770 Et
1079 722 1224 787 Spartiauo,
1238 724 1282 789 qni

181 796 318 846 Hadriano
340 812 430 846 nrunus
448 799 497 847 boc
520 799 611 849 tribuit
630 806 690 864 post
712 801 886 852 Quaesturam.
920 802 1006 851 ‘Post
1026 804 1208 864 Questuram,'
1235 805 1282 869 ait,

151 909 156 912 <
179 881 260 928 ‘acta
271 879 380 927 Senatus
391 880 519 930 curarir:’
538 895 646 946 eumque
658 882 795 943 vocabant,
814 881 837 930 A
856 897 918 931 cura
931 881 1066 946 Actorum,
1087 888 1136 946 vel,
1151 886 1193 934 Ab
1205 885 1282 936 Actis

176 961 301 1010 uenatus.
335 961 411 1023 Lapis
423 967 506 1023 veturs,
522 961 530 988 ‘
540 976 562 1012 c.
576 961 679 1012 Porcio.
697 977 720 1013 c.
737 962 755 1012 f.
773 964 839 1026 qvir.
856 980 882 1013 x.
899 965 965 1015 viro.
981 966 1071 1014 stlitib.
1089 966 1219 1017 ivdicand.
1237 968 1282 1017 ad·

179 1043 259 1092 lecto.
287 1043 364 1091 inter.
390 1050 512 1106 quaestor.
537 1044 578 1094 ab.
602 1046 676 1094 actis.
693 1044 761 1094 ceu?
797 1044 968 1109 Conficiebat
992 1046 1055 1110 dixi,
1074 1049 1197 1100 Senator:
1226 1051 1281 1099 sive

180 1130 295 1188 praeerat
306 1122 492 1173 conficiendis:
510 1126 552 1174 eui
570 1131 657 1174 tamen
676 1125 792 1188 adjuncti
812 1126 904 1176 scribae
924 1129 1119 1193 censualesque,
1137 1136 1200 1194 quos
1223 1146 1238 1179 a
1253 1144 1283 1181 re

180 1204 320 1255 Attuarios
330 1204 393 1254 item
405 1202 537 1255 dicebant.
571 1206 734 1270 Capitulinus
744 1207 1002 1259 senatusconsultum
1022 1211 1129 1259 tacitum
1138 1212 1176 1260 ita
1188 1211 1283 1262 descri-

179 1287 228 1351 bit,
245 1288 253 1314 ‘
265 1293 356 1336 utnon
368 1285 469 1351 scribe,
480 1302 530 1337 nou
541 1289 608 1338 servi
619 1289 725 1352 publici,
734 1304 784 1339 non
794 1293 927 1340 censuales
938 1292 988 1339 illis
1000 1292 1100 1342 actibus
1110 1293 1281 1344 interessent:

179 1369 318 1418 Senatores
329 1370 490 1433 exciperent,
501 1372 641 1421 Senatores
653 1374 738 1421 omnia
749 1371 834 1422 officia
844 1374 999 1422 censualium
1012 1374 1205 1438 scribarumque
1215 1380 1283 1426 cumi

180 1451 294 1516 plurem,
311 1452 404 1517 nequid
415 1450 487 1510 forte
499 1453 670 1517 proderetur?
703 1454 842 1502 Censuales
855 1454 898 1503 illa
913 1462 976 1504 artas
994 1455 1069 1516 dixit,
1080 1454 1208 1517 librarios,
1220 1458 1283 1507 scri-

180 1533 236 1597 bas,
253 1534 466 1598 tabellionesque.
500 1535 566 1584 Inde
580 1535 671 1583 titulus
687 1535 713 1583 iu
726 1535 825 1584 Codice
838 1535 882 1584 lib.
896 1548 924 1584 x.
943 1544 1093 1600 conceptus,
1109 1539 1171 1586 ‘De
1184 1538 1283 1588 tabula·

178 1614 236 1675 riis,
254 1615 355 1677 scribis,
375 1616 549 1679 logograplris,
567 1622 594 1665 et
607 1615 771 1665 censualibus
782 1614 798 1664 :’
815 1616 874 1665 iude
895 1624 923 1666 et
939 1602 1200 1684 Ceusualeoffieium,
1214 1621 1283 1672 lraud

179 1697 291 1747 absimili
310 1712 396 1761 sensu,
421 1699 465 1747 lib.
486 1711 567 1747 xvrrr.
592 1713 614 1747 c.
631 1698 671 1748 De
693 1699 865 1749 testamentis.
898 1698 986 1764 anue
1003 1707 1092 1750 mente
1108 1701 1283 1752 Tertullianus

179 1778 259 1843 Apol.
271 1792 328 1843 cap.
340 1785 380 1829 20.
397 1779 571 1830 ‘Graecorum
589 1781 720 1830 censuales
740 1776 913 1830 conferendi.'
946 1780 1065 1832 Aetnarii
1085 1783 1130 1847 qui
1151 1784 1284 1848 excipiunt

178 1862 359 1931 scribamque,
379 1869 407 1912 nt
423 1863 493 1914 Julio
515 1863 631 1913 Suetonii
649 1878 708 1927 cap.
721 1869 761 1912 bo.
796 1864 903 1913 Senecae
924 1863 1002 1927 epist,
1018 1868 1060 1913 23.
1076 1865 1155 1914 ‘Non
1179 1866 1283 1930 quidem

83 2008 87 2013 .
179 1943 236 1995 lutee
248 1960 307 2009 quae
320 1945 410 1994 alienis
423 1945 509 1994 verbis
521 1946 708 2009 commodatur,
727 1945 892 2023 et5Aetuarii
904 1945 960 1995 vice
974 1944 1090 2009 fungitur
1100 1946 1116 1995 :'
1133 1953 1161 1995 et
1182 1947 1282 1997 Glossis

179 2025 291 2092 Grecis,
307 2027 557 2093 iropmpmdppspoa
574 2028 712 2090 doluerint,
724 2029 888 2078 Memorulius.
923 2028 975 2079 Qui
996 2041 1046 2076 non
1066 2028 1092 2076 in
1111 2028 1174 2078 urbe
1194 2030 1284 2094 solum,

180 2105 226 2155 sed
249 2107 275 2156 in
293 2109 431 2172 provinciis
450 2110 600 2174 militiaque.
634 2108 753 2159 Attuarii
772 2110 799 2158 in
822 2110 923 2169 militia,
942 2109 986 2158 lib.
1000 2123 1026 2159 v.
1039 2125 1063 2159 c.
1081 2110 1121 2160 De
1133 2111 1283 2173 erogatione

179 2188 286 2247 militar.
302 2186 418 2240 anndnoe.
452 2192 487 2240 Et
498 2191 649 2254 Spartlauo:
668 2190 749 2254 ‘lpse
760 2189 829 2255 quod
842 2192 1011 2241 matrimoniis
1023 2191 1133 2241 militum
1149 2199 1178 2241 et
1189 2192 1285 2241 milita·

179 2270 246 2321 rium
259 2272 455 2336 corrumpendis
467 2288 571 2338 operam
582 2273 665 2338 daret,
677 2274 814 2338 aquodam
826 2273 961 2334 Arruntio,
981 2274 1053 2337 cujus
1065 2287 1171 2323 uxorem
1181 2279 1284 2338 stupru-

178 2362 263 2417 verat,
274 2370 411 2420 percussus
423 2357 481 2407 est!
514 2358 587 2410 Quos
608 2358 742 2422 eleganter
757 2363 785 2404 et
797 2370 856 2405 euru
879 2354 984 2406 adiectu
1005 2356 1131 2407 describit
1149 2357 1241 2406 Victor
1256 2357 1284 2406 iu

179 2437 319 2500 Gallicum
336 2440 344 2466 ‘
354 2438 491 2503 Actuarii,'
510 2424 604 2506 iuquit,
626 2443 725 2505 ‘genus
747 2440 876 2488 hominurn
893 2453 1014 2504 nequam,
1031 2439 1132 2500 venale,
1153 2438 1284 2501 callidum,

179 2518 340 2583 seditiosum,
366 2521 477 2572 habendi
498 2522 630 2586 cupidum,
661 2531 740 2586 atque
760 2507 958 2584 ad'patrandas
981 2520 1088 2570 fraudes
1109 2522 1284 2584 velandasque

179 2601 254 2665 quasi
275 2601 308 2651 ab
328 2609 421 2654 natura
439 2603 548 2667 factum,
573 2619 680 2654 annonae
710 2603 860 2652 dominans:
890 2617 972 2667 eoque
995 2602 1068 2651 utilia
1087 2601 1238 2651 curantibus
1257 2608 1286 2651 et

178 2681 290 2731 fortunis
303 2692 434 2734 aratorum
448 2686 585 2736 infestum:
606 2686 719 2750 prudens
737 2686 767 2738 in,
785 2692 901 2748 tempore
913 2683 951 2732 bis
969 2683 1104 2747 largiendi,
1123 2697 1230 2747 quorum
1241 2697 1285 2731 re·

178 2764 271 2813 cordia
283 2765 428 2831 damnoque
440 2783 503 2830 opes
516 2765 695 2818 contraxerit?
726 2766 796 2815 Satis
808 2765 841 2815 de
860 2764 934 2814 Actis
950 2764 1076 2813 Senatus:
1096 2764 1171 2812 venio
1189 2763 1222 2812 ad
1240 2779 1285 2829 po·

179 2847 244 2912 puli.
280 2848 319 2896 Ea
331 2847 402 2897 dicta
414 2848 525 2899 Publica
544 2858 614 2913 acta,
632 2850 755 2898 Suetonio
773 2848 799 2896 ln
816 2847 920 2897 Tiberio
943 2861 1001 2912 cap.
1012 2854 1036 2897 5.
1052 2853 1080 2896 et
1099 2847 1162 2895 alias
1182 2848 1292 2911 passim*

179 2927 249 2976 item
270 2928 379 2988 Dierna,
402 2932 464 2994 qnia
483 2932 509 2980 in
530 2917 586 2980 dies
608 2931 810 2992 corilieerentur,
826 2930 920 2979 Tacito
940 2929 985 2978 lib.
1003 2941 1061 2979 xrs.
1079 2935 1106 2979 et
1118 2941 1183 2978 xrrr.
1216 2928 1285 2978 Item

180 3010 299 3062 Urbana.
332 3011 432 3074 Saepius
452 3011 530 3061 etiam
553 3010 642 3078 dende,
662 3012 740 3073 Acta,
760 3012 813 3060 κατ’
833 3009 925 3072 ἐξοχήν.
965 3010 1002 3059 lis
1023 3009 1224 3059 continebantur
1245 3024 1287 3058 res

179 3092 346 3157 rationesque
359 3094 460 3157 populi,
467 3093 840 3159 judiciapublica,supplicia,
857 3093 971 3160 coniitia,
988 3091 1108 3153 aedilicia,
1126 3091 1287 3151 nativitates,

178 3174 296 3223 illustres
309 3183 414 3238 mortes,
425 3176 599 3239 matrimonia,
618 3176 737 3227 divortia.
772 3178 816 3226 De
831 3175 939 3239 judiciis
959 3173 1143 3238 suppliciisque
1154 3172 1287 3222 admonuit

179 3255 332 3304 Ammianus
343 3255 409 3304 libro
423 3270 499 3307 xxrr.
516 3259 570 3306 ‘Et
589 3265 649 3307 acta
660 3272 738 3322 super
754 3272 786 3306 eo
807 3264 881 3320 gesta
892 3271 942 3306 nou
954 3255 1008 3305 sine
1018 3270 1112 3319 magno
1131 3245 1287 3319 legebantur

179 3338 296 3400 horrore,
308 3354 366 3387 cum
381 3338 407 3387 id
419 3339 556 3387 voluminis
571 3339 666 3403 publici
684 3338 831 3388 contineret
847 3338 997 3387 exordium:
1016 3338 1157 3388 Consulatu
1168 3336 1247 3385 Tauri
1259 3342 1287 3385 et

181 3420 319 3481 Plorentii,
330 3419 438 3469 inducto
449 3420 497 3469 snb
510 3420 680 3469 Praeconibus
690 3418 793 3470 Tauro?
827 3419 881 3468 Ubi
892 3427 919 3467 et
931 3418 1039 3467 sormam
1051 3419 1162 3482 aliquam
1174 3417 1288 3466 servabis

179 3499 400 3558 conficiendorum
414 3501 550 3551 Actorum.
584 3502 628 3550 De
644 3498 770 3562 aediliciis,
789 3500 902 3549 'l‘ucitns
919 3498 963 3547 lib.
985 3512 1049 3548 xnr.
1066 3499 1193 3548 ‘Nerone
1205 3511 1237 3547 ιι.
1257 3498 1288 3546 L.

181 3583 280 3633 Pisone
292 3583 352 3632 Cos.
367 3598 451 3646 pauca
462 3582 587 3632 memoria
599 3582 676 3646 digua
688 3596 815 3642 evenere3
832 3581 881 3630 nisi
901 3581 942 3630 cui
961 3580 1043 3630 libeat
1052 3579 1188 3628 laudandis
1198 3576 1289 3626 funda·

179 3664 274 3713 ruentis
287 3672 313 3713 et
331 3664 458 3724 trabibus,
472 3666 529 3728 quis
541 3665 634 3713 moleru
657 3662 850 3727 Amphitheatri
862 3647 952 3711 Caesar
965 3667 1140 3721 exstruxerat,
1159 3658 1288 3708 volumina

179 3744 306 3808 implere:
324 3759 382 3795 cum
396 3759 428 3793 ex
440 3744 569 3808 dignitate
581 3744 670 3808 populi
681 3745 756 3792 Rom.
769 3749 902 3806 repertum
915 3743 956 3803 sit,
967 3757 1008 3791 res
1018 3743 1133 3812 illustres
1143 3739 1289 3803 annalibus,

181 3825 244 3875 talia
256 3824 354 3874 dirrrnis
373 3825 445 3878 urbis
457 3827 524 3875 actis
542 3825 682 3877 mandare!
714 3826 754 3874 De
776 3824 959 3874 nativitatibus
979 3823 1119 3874 Suetonius
1137 3838 1225 3886 saepe:
1243 3821 1288 3887 qui

179 3908 335 3971 plerumque
348 3915 499 3969 argumenta
512 3908 561 3956 sibi
574 3909 652 3956 sumit
669 3908 702 3956 de
711 3907 753 3955 die
763 3906 890 3969 cujusque
901 3904 1026 3968 principis
1044 3904 1135 3967 natali,
1150 3919 1183 3952 ex
1194 3903 1289 3953 Actis:

181 3994 210 4037 nt
219 3981 306 4038 Tiber.
318 4004 376 4053 cap.
388 3996 412 4039 5.
424 3991 480 4038 Cal.
493 4005 551 4053 cap.
562 3995 586 4041 9.
621 3991 702 4054 Origo
713 3989 770 4053 ejus
782 3987 896 4037 instituti
905 3987 1022 4052 aSerrio
1033 3986 1129 4049 Tullio,
1147 3985 1191 4050 qui
1203 3993 1231 4033 ut
1242 3999 1289 4033 uu-

185 4085 284 4119 mernm
297 4069 376 4119 sciret
388 4072 560 4133 nascentium,
580 4073 752 4134 morientium,
770 4072 890 4131 virorum,
915 4069 1058 4130 adinvenit,
1078 4068 1124 4117 Uti
1144 4065 1289 4130 Propinqui

182 4156 246 4201 irata
257 4152 331 4216 prole
343 4162 443 4202 ceruum
456 4154 569 4219 aliquem
586 4169 716 4204 nummum
728 4156 754 4203 in
767 4153 887 4203 aerarium
896 4151 1007 4203 iunonis
1024 4150 1131 4200 Lucinae
1144 4146 1289 4198 inferrent:

179 4232 259 4284 iidem
270 4233 357 4298 aliquo
367 4248 478 4302 mortuo,
489 4236 516 4285 in
528 4233 638 4285 Veneris
649 4235 772 4286 Libitinae
784 4252 791 4285 :
809 4241 836 4284 et
854 4242 973 4283 sumente
990 4231 1111 4297 quopiam
1134 4229 1234 4279 uirilem
1245 4234 1290 4277 to·

181 4329 249 4383 gam,
260 4315 287 4365 in
298 4315 458 4370 iuventutis.
491 4319 642 4369 Esolerisse
660 4319 681 4368 is
701 4333 756 4369 mou
768 4316 881 4382 ridetur,
899 4315 945 4366 sed
955 4315 982 4365 iu
998 4312 1087 4379 pueris
1098 4311 1167 4363 natis
1177 4309 1291 4364 meruit
