3042 4950
415 510 608 560 recensus
625 511 897 560 concinuerunt
1105 490 1190 563 4561

149 655 203 721 Ex
217 657 282 735 his,
295 656 473 722 levioribus
486 656 630 741 quidem,
646 660 831 736 conatibus,
848 658 891 722 ad
905 657 998 723 finem
1013 678 1102 723 nunc
1116 679 1192 742 per·

106 752 227 839 ductis
247 761 375 845 patebit
396 761 525 840 lectori,
545 760 656 824 Taciti
670 781 782 845 opera,
802 781 868 847 qno
882 763 990 826 minus
1014 763 1075 826 sub
1099 763 1192 827 initio

105 868 209 928 artem
223 864 493 948 typographicam
508 866 721 944 exercuerint,
744 885 784 930 eo
804 865 909 949 magis
922 884 981 949 per
996 883 1098 929 annos
1112 883 1193 948 pos·

105 966 250 1046 terioreS,
265 988 399 1032 numero
413 972 447 1031 et
459 968 571 1051 vigore
586 974 779 1047 crescentes,
795 990 870 1035 cam
884 971 1098 1049 exercuisse3
1122 988 1193 1032 om-

107 1068 197 1132 nium
212 1067 359 1153 Operum
373 1069 533 1135 editiones
548 1091 731 1154 essequam
742 1072 910 1157 plurimas,
923 1070 1069 1155 Operum
1081 1069 1194 1136 Mino·

107 1190 177 1236 rum
187 1172 366 1251 abundare,
377 1179 409 1239 et
420 1173 565 1239 Libellos
579 1174 621 1238 de
635 1174 812 1240 Germania
827 1195 973 1240 seorsum
984 1174 1099 1252 editos,
1108 1193 1194 1259 pree·

107 1276 220 1340 sertim
246 1275 336 1360 apud
363 1275 558 1356 Germanos,
589 1297 725 1342 numero
751 1299 826 1342 esse
848 1279 942 1353 miro,
968 1278 1039 1343 sive
1065 1283 1195 1343 textum

109 1377 279 1456 Latinum,
302 1379 373 1444 sive
387 1381 422 1443 in
435 1380 565 1463 linguas
589 1380 734 1445 diversas
757 1381 998 1465 conversiones
1022 1379 1093 1444 sive
1117 1379 1195 1445 Dis·

108 1501 238 1559 cursus,
282 1479 553 1561 Commentarios,
595 1487 628 1546 et
667 1482 916 1561 Annotationes,
953 1482 1195 1566 contempleris.

109 1583 236 1649 Caveat
249 1604 336 1664 vero,
358 1605 543 1670 precamur,
565 1586 666 1651 lector
687 1586 804 1672 (immo
830 1586 927 1650 nobis
948 1604 1014 1649 non
1034 1585 1197 1668 precanti-

108 1690 172 1754 bus
188 1686 334 1774 cavebit)
353 1710 395 1755 ne
410 1695 503 1774 putet
515 1711 580 1755 nos
594 1693 714 1773 omnia,
728 1712 804 1776 quae
819 1692 859 1755 dc
872 1689 982 1755 Taciti
995 1690 1197 1756 editionibus

111 1792 251 1859 dicenda
273 1797 392 1871 esseut,
415 1792 553 1857 dixisse.
605 1793 714 1858 Multa
736 1793 954 1878 proculdubio
977 1798 1100 1860 restant
1121 1813 1199 1877 quae

109 1915 167 1982 per
179 1915 299 1960 manus
313 1902 443 1962 nostras
458 1897 718 1979 transvolatunt3
740 1901 777 1962 ut
797 1916 859 1982 pro
880 1903 970 1962 certo
985 1914 1082 1980 quam
1097 1894 1199 1981 pluri·

111 2019 167 2064 ma
184 2018 244 2084 per
268 1997 519 2083 Bipontinorum
542 1995 831 2065 nansvolavcrant.
876 1999 929 2065 De
952 1994 1199 2065 Dissertationi·

112 2101 179 2168 bu's
193 2107 229 2166 et
242 2098 523 2166 Annotationibus
535 2121 681 2169 seorsum
692 2102 791 2166 editis
805 2102 901 2185 plura
912 2102 1026 2166 forsan
1037 2099 1199 2184 protrusi·

112 2224 190 2270 mus
205 2224 304 2288 quam
318 2224 393 2287 qnae
405 2206 514 2269 nostri
527 2203 755 2270 essentofficii.
793 2203 868 2269 Nec
882 2224 1016 2269 necesse
1026 2207 1078 2268 est
1091 2203 1199 2268 dicere

108 2309 215 2373 multa
237 2307 465 2394 hujuscemodi
492 2328 553 2374 nos
581 2309 752 2393 effugisse:
788 2310 889 2373 immo
914 2326 1023 2392 pauca
1047 2305 1201 2390 quaedam

113 2411 205 2495 nigra
218 2416 298 2476 nota
311 2430 333 2475 a
344 2411 427 2476 riris
440 2411 548 2478 doctis
566 2412 703 2497 signata,
725 2415 757 2476 et
778 2410 900 2476 nostris
914 2409 1020 2475 oculis
1043 2427 1109 2476 non
1123 2407 1200 2472 sob-

109 2514 214 2598 jccta,
235 2532 302 2579 non
319 2514 390 2579 sinc
404 2516 559 2597 consilim-
580 2516 729 2596 iatcmur,
751 2514 1030 2600 praetermisimus
