<?xml version="1.0" encoding="UTF-8"?>
<!DOCTYPE html PUBLIC "-//W3C//DTD XHTML 1.0 Transitional//EN"
    "http://www.w3.org/TR/xhtml1/DTD/xhtml1-transitional.dtd">
<html xmlns="http://www.w3.org/1999/xhtml" xml:lang="en" lang="en">
 <head>
  <title>
</title>
<meta http-equiv="Content-Type" content="text/html;charset=utf-8" />
  <meta name='ocr-system' content='tesseract 3.04.00' />
  <meta name='ocr-capabilities' content='ocr_page ocr_carea ocr_par ocr_line ocrx_word'/>
</head>
<body>
  <div class='ocr_page' id='page_1' title='image "./operaomnia00tacigoog/operaomnia00tacigoog_0067.png"; bbox 0 0 3042 4950; ppageno 0'>
   <div class='ocr_carea' id='block_1_1' title="bbox 482 394 1285 490">
    <p class='ocr_par' dir='ltr' id='par_1_1' title="bbox 482 394 1285 490">
     <span class='ocr_line' id='line_1_1' title="bbox 482 394 1285 490; baseline 0.02 -16"><span class='ocrx_word' id='word_1_1' title='bbox 482 425 524 474; x_wconf 86' lang='lat' dir='ltr'><strong>ru</strong></span> <span class='ocrx_word' id='word_1_2' title='bbox 540 426 734 480; x_wconf 77' lang='lat' dir='ltr'><strong>.urs.-·xru.·</strong></span> <span class='ocrx_word' id='word_1_3' title='bbox 752 429 973 483; x_wconf 65' lang='lat' dir='ltr'><strong>amanium.</strong></span> <span class='ocrx_word' id='word_1_4' title='bbox 1016 394 1020 399; x_wconf 37' lang='lat'><strong>⁴</strong></span> <span class='ocrx_word' id='word_1_5' title='bbox 1178 419 1285 490; x_wconf 77' lang='grc'>’4505</span> 
     </span>
    </p>
   </div>
   <div class='ocr_carea' id='block_1_2' title="bbox 176 565 1287 1468">
    <p class='ocr_par' dir='ltr' id='par_1_2' title="bbox 176 565 1287 1468">
     <span class='ocr_line' id='line_1_2' title="bbox 177 565 1285 651; baseline 0.016 -33"><span class='ocrx_word' id='word_1_6' title='bbox 177 572 210 628; x_wconf 69' lang='lat' dir='ltr'><strong>at</strong></span> <span class='ocrx_word' id='word_1_7' title='bbox 218 565 319 631; x_wconf 67' lang='lat' dir='ltr'><strong>vdent,</strong></span> <span class='ocrx_word' id='word_1_8' title='bbox 328 572 407 630; x_wconf 78' lang='lat' dir='ltr'><strong>uou3</strong></span> <span class='ocrx_word' id='word_1_9' title='bbox 423 573 453 621; x_wconf 82' lang='lat' dir='ltr'><strong>et</strong></span> <span class='ocrx_word' id='word_1_10' title='bbox 463 583 512 634; x_wconf 89' lang='lat' dir='ltr'><strong>pro</strong></span> <span class='ocrx_word' id='word_1_11' title='bbox 523 571 562 622; x_wconf 77' lang='lat' dir='ltr'><strong>M.</strong></span> <span class='ocrx_word' id='word_1_12' title='bbox 574 572 657 624; x_wconf 77' lang='lat' dir='ltr'><strong>Caelio</strong></span> <span class='ocrx_word' id='word_1_13' title='bbox 669 574 701 625; x_wconf 81' lang='lat' dir='ltr'><strong>ad</strong></span> <span class='ocrx_word' id='word_1_14' title='bbox 709 575 822 640; x_wconf 79' lang='lat' dir='ltr'><strong>juvenes</strong></span> <span class='ocrx_word' id='word_1_15' title='bbox 833 577 960 643; x_wconf 74' lang='lat' dir='ltr'><strong>alludens,</strong></span> <span class='ocrx_word' id='word_1_16' title='bbox 974 581 983 610; x_wconf 81' lang='lat'><em>⁴</em></span> <span class='ocrx_word' id='word_1_17' title='bbox 996 580 1057 631; x_wconf 79' lang='lat' dir='ltr'><strong>Non</strong></span> <span class='ocrx_word' id='word_1_18' title='bbox 1074 582 1124 632; x_wconf 85' lang='lat' dir='ltr'><strong>bac</strong></span> <span class='ocrx_word' id='word_1_19' title='bbox 1141 583 1220 634; x_wconf 82' lang='lat' dir='ltr'><strong>barba</strong></span> <span class='ocrx_word' id='word_1_20' title='bbox 1232 599 1285 651; x_wconf 79' lang='lat' dir='ltr'><strong>qna</strong></span> 
     </span>
     <span class='ocr_line' id='line_1_3' title="bbox 177 647 1284 730; baseline 0.015 -29"><span class='ocrx_word' id='word_1_21' title='bbox 177 647 230 701; x_wconf 82' lang='lat' dir='ltr'><strong>ists</strong></span> <span class='ocrx_word' id='word_1_22' title='bbox 248 649 411 716; x_wconf 69' lang='lat' dir='ltr'><strong>debotatun&#39;</strong></span> <span class='ocrx_word' id='word_1_23' title='bbox 430 652 542 719; x_wconf 79' lang='lat' dir='ltr'><strong>inqulit:</strong></span> <span class='ocrx_word' id='word_1_24' title='bbox 555 654 731 722; x_wconf 82' lang='lat' dir='ltr'><strong>juvenemque</strong></span> <span class='ocrx_word' id='word_1_25' title='bbox 749 673 768 708; x_wconf 91' lang='lat' dir='ltr'><strong>a</strong></span> <span class='ocrx_word' id='word_1_26' title='bbox 788 658 869 711; x_wconf 84' lang='lat' dir='ltr'><strong>barba</strong></span> <span class='ocrx_word' id='word_1_27' title='bbox 890 660 1030 726; x_wconf 76' lang='lat' dir='ltr'><strong>descripsit</strong></span> <span class='ocrx_word' id='word_1_28' title='bbox 1047 663 1188 730; x_wconf 76' lang='lat' dir='ltr'><strong>iuvenalis,</strong></span> <span class='ocrx_word' id='word_1_29' title='bbox 1204 666 1284 718; x_wconf 76' lang='lat' dir='ltr'><strong>‘dnm</strong></span> 
     </span>
     <span class='ocr_line' id='line_1_4' title="bbox 176 731 1286 811; baseline 0.015 -30"><span class='ocrx_word' id='word_1_30' title='bbox 176 731 275 793; x_wconf 69' lang='lat' dir='ltr'><strong>misr,</strong></span> <span class='ocrx_word' id='word_1_31' title='bbox 286 731 359 796; x_wconf 78' lang='lat' dir='ltr'><strong>enjus</strong></span> <span class='ocrx_word' id='word_1_32' title='bbox 371 733 479 785; x_wconf 79' lang='lat' dir='ltr'><strong>barbam</strong></span> <span class='ocrx_word' id='word_1_33' title='bbox 489 741 536 785; x_wconf 87' lang='lat' dir='ltr'><strong>tua</strong></span> <span class='ocrx_word' id='word_1_34' title='bbox 548 736 631 800; x_wconf 79' lang='lat' dir='ltr'><strong>janus</strong></span> <span class='ocrx_word' id='word_1_35' title='bbox 640 736 725 788; x_wconf 67' lang='lat' dir='ltr'><strong>vidit!</strong></span> <span class='ocrx_word' id='word_1_36' title='bbox 757 740 896 791; x_wconf 87' lang='lat' dir='ltr'><strong>Ponebant</strong></span> <span class='ocrx_word' id='word_1_37' title='bbox 908 756 963 791; x_wconf 83' lang='lat' dir='ltr'><strong>eam</strong></span> <span class='ocrx_word' id='word_1_38' title='bbox 975 743 1067 807; x_wconf 89' lang='lat' dir='ltr'><strong>serius,</strong></span> <span class='ocrx_word' id='word_1_39' title='bbox 1077 745 1163 809; x_wconf 91' lang='lat' dir='ltr'><strong>citius,</strong></span> <span class='ocrx_word' id='word_1_40' title='bbox 1175 748 1286 811; x_wconf 89' lang='lat' dir='ltr'><strong>plerum·</strong></span> 
     </span>
     <span class='ocr_line' id='line_1_5' title="bbox 178 811 1286 893; baseline 0.016 -32"><span class='ocrx_word' id='word_1_41' title='bbox 178 811 288 877; x_wconf 64' lang='lat' dir='ltr'><strong>wasuh</strong></span> <span class='ocrx_word' id='word_1_42' title='bbox 299 826 359 866; x_wconf 73' lang='grc' dir='ltr'><strong>ιιι.</strong></span> <span class='ocrx_word' id='word_1_43' title='bbox 369 830 473 867; x_wconf 84' lang='lat' dir='ltr'><strong>annam.</strong></span> <span class='ocrx_word' id='word_1_44' title='bbox 505 818 655 870; x_wconf 74' lang='lat' dir='ltr'><strong>Macrobius</strong></span> <span class='ocrx_word' id='word_1_45' title='bbox 666 827 738 871; x_wconf 84' lang='lat' dir='ltr'><strong>certe</strong></span> <span class='ocrx_word' id='word_1_46' title='bbox 749 823 776 872; x_wconf 84' lang='lat' dir='ltr'><strong>in</strong></span> <span class='ocrx_word' id='word_1_47' title='bbox 794 824 923 874; x_wconf 76' lang='lat' dir='ltr'><strong>Somnium</strong></span> <span class='ocrx_word' id='word_1_48' title='bbox 939 825 1067 891; x_wconf 75' lang='lat' dir='ltr'><strong>Scipionis</strong></span> <span class='ocrx_word' id='word_1_49' title='bbox 1085 831 1146 877; x_wconf 82' lang='lat' dir='ltr'><strong>‘ter</strong></span> <span class='ocrx_word' id='word_1_50' title='bbox 1163 835 1286 893; x_wconf 85' lang='lat' dir='ltr'><strong>septena·</strong></span> 
     </span>
     <span class='ocr_line' id='line_1_6' title="bbox 177 893 1285 973; baseline 0.015 -28"><span class='ocrx_word' id='word_1_51' title='bbox 177 893 245 947; x_wconf 79' lang='lat' dir='ltr'><strong>sion</strong></span> <span class='ocrx_word' id='word_1_52' title='bbox 261 910 397 949; x_wconf 82' lang='lat' dir='ltr'><strong>numerum</strong></span> <span class='ocrx_word' id='word_1_53' title='bbox 414 899 511 964; x_wconf 80' lang='lat' dir='ltr'>requiri</span> <span class='ocrx_word' id='word_1_54' title='bbox 521 902 554 950; x_wconf 87' lang='lat' dir='ltr'><strong>sd</strong></span> <span class='ocrx_word' id='word_1_55' title='bbox 570 902 712 954; x_wconf 84' lang='lat' dir='ltr'><strong>radendam</strong></span> <span class='ocrx_word' id='word_1_56' title='bbox 726 905 843 955; x_wconf 83' lang='lat' dir='ltr'><strong>barbam&#39;</strong></span> <span class='ocrx_word' id='word_1_57' title='bbox 863 905 1019 958; x_wconf 78' lang='lat' dir='ltr'><strong>adfirmavit.</strong></span> <span class='ocrx_word' id='word_1_58' title='bbox 1052 907 1139 973; x_wconf 87' lang='lat' dir='ltr'><strong>Atque</strong></span> <span class='ocrx_word' id='word_1_59' title='bbox 1150 910 1188 960; x_wconf 89' lang='lat' dir='ltr'><strong>ita</strong></span> <span class='ocrx_word' id='word_1_60' title='bbox 1201 911 1285 962; x_wconf 87' lang='lat' dir='ltr'><strong>Nero·</strong></span> 
     </span>
     <span class='ocr_line' id='line_1_7' title="bbox 178 979 1286 1058; baseline 0.016 -32"><span class='ocrx_word' id='word_1_61' title='bbox 178 988 238 1029; x_wconf 76' lang='lat' dir='ltr'><strong>nem</strong></span> <span class='ocrx_word' id='word_1_62' title='bbox 250 979 365 1040; x_wconf 73' lang='lat' dir='ltr'><strong>puniisse</strong></span> <span class='ocrx_word' id='word_1_63' title='bbox 374 980 482 1045; x_wconf 65' lang='lat' dir='ltr'><strong>coluges</strong></span> <span class='ocrx_word' id='word_1_64' title='bbox 494 996 527 1033; x_wconf 84' lang='lat' dir='ltr'><strong>ex</strong></span> <span class='ocrx_word' id='word_1_65' title='bbox 538 983 623 1035; x_wconf 80' lang='lat' dir='ltr'><strong>Fastis</strong></span> <span class='ocrx_word' id='word_1_66' title='bbox 636 987 771 1053; x_wconf 56' lang='lat' dir='ltr'><strong>musque</strong></span> <span class='ocrx_word' id='word_1_67' title='bbox 804 989 923 1053; x_wconf 77' lang='lat' dir='ltr'><strong>Caligula</strong></span> <span class='ocrx_word' id='word_1_68' title='bbox 939 997 1027 1040; x_wconf 87' lang='lat' dir='ltr'><strong>tamen</strong></span> <span class='ocrx_word' id='word_1_69' title='bbox 1044 1005 1092 1042; x_wconf 83' lang='lat' dir='ltr'><strong>xx.</strong></span> <span class='ocrx_word' id='word_1_70' title='bbox 1104 988 1170 1042; x_wconf 87' lang='lat' dir='ltr'><strong>anno</strong></span> <span class='ocrx_word' id='word_1_71' title='bbox 1190 993 1286 1058; x_wconf 83' lang='lat' dir='ltr'><strong>posuit,</strong></span> 
     </span>
     <span class='ocr_line' id='line_1_8' title="bbox 178 1055 1285 1124; baseline 0.016 -17"><span class='ocrx_word' id='word_1_72' title='bbox 178 1055 362 1123; x_wconf 66' lang='lat' dir='ltr'><strong>butaniicap.</strong></span> <span class='ocrx_word' id='word_1_73' title='bbox 374 1064 413 1111; x_wconf 70' lang='lat' dir='ltr'><strong>it.</strong></span> <span class='ocrx_word' id='word_1_74' title='bbox 446 1061 484 1113; x_wconf 87' lang='lat' dir='ltr'><strong>At</strong></span> <span class='ocrx_word' id='word_1_75' title='bbox 503 1064 592 1116; x_wconf 77' lang='lat' dir='ltr'><strong>Caesar</strong></span> <span class='ocrx_word' id='word_1_76' title='bbox 611 1067 772 1119; x_wconf 82' lang='lat' dir='ltr'><strong>Octavianus</strong></span> <span class='ocrx_word' id='word_1_77' title='bbox 786 1085 852 1120; x_wconf 85' lang='lat' dir='ltr'><strong>anno</strong></span> <span class='ocrx_word' id='word_1_78' title='bbox 871 1071 973 1121; x_wconf 85' lang='lat' dir='ltr'><strong>demum</strong></span> <span class='ocrx_word' id='word_1_79' title='bbox 994 1074 1232 1124; x_wconf 63' lang='lat' dir='ltr'><strong>ametistorum</strong></span> <span class='ocrx_word' id='word_1_80' title='bbox 1251 1088 1285 1124; x_wconf 78' lang='lat' dir='ltr'><strong>er</strong></span> 
     </span>
     <span class='ocr_line' id='line_1_9' title="bbox 178 1136 1287 1217; baseline 0.02 -32"><span class='ocrx_word' id='word_1_81' title='bbox 178 1136 274 1189; x_wconf 85' lang='lat' dir='ltr'><strong>Dione.</strong></span> <span class='ocrx_word' id='word_1_82' title='bbox 307 1141 394 1193; x_wconf 83' lang='lat' dir='ltr'><strong>Natus</strong></span> <span class='ocrx_word' id='word_1_83' title='bbox 402 1142 471 1195; x_wconf 78' lang='lat' dir='ltr'><strong>enias</strong></span> <span class='ocrx_word' id='word_1_84' title='bbox 483 1145 521 1197; x_wconf 88' lang='grc' dir='ltr'><strong>Μ.</strong></span> <span class='ocrx_word' id='word_1_85' title='bbox 533 1146 621 1198; x_wconf 87' lang='lat' dir='ltr'><strong>Tullio</strong></span> <span class='ocrx_word' id='word_1_86' title='bbox 632 1150 662 1199; x_wconf 89' lang='lat' dir='ltr'><strong>C.</strong></span> <span class='ocrx_word' id='word_1_87' title='bbox 675 1149 789 1201; x_wconf 84' lang='lat' dir='ltr'><strong>Antonio</strong></span> <span class='ocrx_word' id='word_1_88' title='bbox 800 1152 873 1202; x_wconf 85' lang='lat' dir='ltr'><strong>Coss.</strong></span> <span class='ocrx_word' id='word_1_89' title='bbox 883 1153 970 1217; x_wconf 88' lang='lat' dir='ltr'><strong>posuit</strong></span> <span class='ocrx_word' id='word_1_90' title='bbox 981 1154 1012 1204; x_wconf 89' lang='lat' dir='ltr'><strong>L.</strong></span> <span class='ocrx_word' id='word_1_91' title='bbox 1026 1155 1128 1205; x_wconf 86' lang='lat' dir='ltr'><strong>Marcio</strong></span> <span class='ocrx_word' id='word_1_92' title='bbox 1139 1155 1169 1206; x_wconf 86' lang='lat' dir='ltr'><strong>C.</strong></span> <span class='ocrx_word' id='word_1_93' title='bbox 1179 1156 1287 1207; x_wconf 78' lang='lat' dir='ltr'><strong>Sabinu.</strong></span> 
     </span>
     <span class='ocr_line' id='line_1_10' title="bbox 180 1219 1286 1301; baseline 0.018 -33"><span class='ocrx_word' id='word_1_94' title='bbox 180 1219 296 1293; x_wconf 76' lang='lat' dir='ltr'><strong>Mutavit</strong></span> <span class='ocrx_word' id='word_1_95' title='bbox 315 1223 348 1273; x_wconf 88' lang='lat' dir='ltr'><strong>ab</strong></span> <span class='ocrx_word' id='word_1_96' title='bbox 366 1223 414 1274; x_wconf 84' lang='lat' dir='ltr'><strong>boe</strong></span> <span class='ocrx_word' id='word_1_97' title='bbox 431 1239 502 1276; x_wconf 89' lang='lat' dir='ltr'><strong>more</strong></span> <span class='ocrx_word' id='word_1_98' title='bbox 519 1229 615 1291; x_wconf 86' lang='lat' dir='ltr'><strong>primus</strong></span> <span class='ocrx_word' id='word_1_99' title='bbox 633 1231 807 1283; x_wconf 85' lang='lat' dir='ltr'><strong>Romanorum</strong></span> <span class='ocrx_word' id='word_1_100' title='bbox 820 1234 1010 1299; x_wconf 80' lang='lat' dir='ltr'><strong>Imperatorum</strong></span> <span class='ocrx_word' id='word_1_101' title='bbox 1029 1236 1188 1301; x_wconf 70' lang='lat' dir='ltr'>Hadrianus,</span> <span class='ocrx_word' id='word_1_102' title='bbox 1208 1238 1286 1288; x_wconf 89' lang='lat' dir='ltr'><strong>adno-</strong></span> 
     </span>
     <span class='ocr_line' id='line_1_11' title="bbox 178 1303 1287 1383; baseline 0.017 -32"><span class='ocrx_word' id='word_1_103' title='bbox 178 1306 254 1352; x_wconf 84' lang='lat' dir='ltr'><strong>tante</strong></span> <span class='ocrx_word' id='word_1_104' title='bbox 272 1303 418 1368; x_wconf 85' lang='lat' dir='ltr'><strong>Xipirilino,</strong></span> <span class='ocrx_word' id='word_1_105' title='bbox 437 1315 469 1357; x_wconf 89' lang='lat' dir='ltr'><strong>et</strong></span> <span class='ocrx_word' id='word_1_106' title='bbox 487 1311 684 1363; x_wconf 76' lang='lat' dir='ltr'><strong>ostendentibus</strong></span> <span class='ocrx_word' id='word_1_107' title='bbox 704 1315 831 1365; x_wconf 81' lang='lat' dir='ltr'><strong>Nummio.</strong></span> <span class='ocrx_word' id='word_1_108' title='bbox 865 1317 1043 1367; x_wconf 75' lang='lat' dir='ltr'><strong>Haeellomn.</strong></span> <span class='ocrx_word' id='word_1_109' title='bbox 1075 1317 1156 1383; x_wconf 85' lang='lat' dir='ltr'>Apud</span> <span class='ocrx_word' id='word_1_110' title='bbox 1178 1320 1287 1371; x_wconf 72' lang='lat' dir='ltr'><strong>Grecos</strong></span> 
     </span>
     <span class='ocr_line' id='line_1_12' title="bbox 179 1384 1287 1468; baseline 0.017 -35"><span class='ocrx_word' id='word_1_111' title='bbox 179 1384 261 1450; x_wconf 80' lang='lat' dir='ltr'><strong>quid?</strong></span> <span class='ocrx_word' id='word_1_112' title='bbox 295 1386 405 1439; x_wconf 76' lang='lat' dir='ltr'><strong>Barbara</strong></span> <span class='ocrx_word' id='word_1_113' title='bbox 417 1389 443 1441; x_wconf 89' lang='lat' dir='ltr'><strong>in</strong></span> <span class='ocrx_word' id='word_1_114' title='bbox 453 1390 538 1454; x_wconf 84' lang='lat' dir='ltr'><strong>pretio</strong></span> <span class='ocrx_word' id='word_1_115' title='bbox 547 1393 671 1445; x_wconf 83' lang='lat' dir='ltr'><strong>mansisse</strong></span> <span class='ocrx_word' id='word_1_116' title='bbox 682 1395 716 1445; x_wconf 88' lang='lat' dir='ltr'><strong>ad</strong></span> <span class='ocrx_word' id='word_1_117' title='bbox 728 1404 846 1461; x_wconf 80' lang='lat' dir='ltr'><strong>tempora</strong></span> <span class='ocrx_word' id='word_1_118' title='bbox 855 1397 997 1449; x_wconf 72' lang='lat' dir='ltr'><strong>Alexandri</strong></span> <span class='ocrx_word' id='word_1_119' title='bbox 1007 1397 1148 1450; x_wconf 79' lang='lat' dir='ltr'><strong>Athenaeus</strong></span> <span class='ocrx_word' id='word_1_120' title='bbox 1159 1416 1192 1451; x_wconf 87' lang='lat' dir='ltr'><strong>ex</strong></span> <span class='ocrx_word' id='word_1_121' title='bbox 1205 1402 1287 1468; x_wconf 81' lang='lat' dir='ltr'><strong>Clu-y·</strong></span> 
     </span>
    </p>
   </div>
   <div class='ocr_carea' id='block_1_3' title="bbox 164 1467 1293 1633">
    <p class='ocr_par' dir='ltr' id='par_1_3' title="bbox 164 1467 1293 1633">
     <span class='ocr_line' id='line_1_13' title="bbox 164 1467 1287 1550; baseline 0.017 -31"><span class='ocrx_word' id='word_1_122' title='bbox 164 1467 255 1533; x_wconf 65' lang='lat' dir='ltr'><strong>⁴sippo</strong></span> <span class='ocrx_word' id='word_1_123' title='bbox 265 1469 362 1523; x_wconf 83' lang='lat' dir='ltr'><strong>adserit</strong></span> <span class='ocrx_word' id='word_1_124' title='bbox 374 1473 392 1523; x_wconf 87' lang='grc'><strong>1.</strong></span> <span class='ocrx_word' id='word_1_125' title='bbox 404 1477 561 1527; x_wconf 81' lang='lat' dir='ltr'><strong>x111.6.ssb</strong></span> <span class='ocrx_word' id='word_1_126' title='bbox 573 1492 605 1527; x_wconf 86' lang='lat' dir='ltr'><strong>ec</strong></span> <span class='ocrx_word' id='word_1_127' title='bbox 615 1493 677 1543; x_wconf 77' lang='lat' dir='ltr'><strong>rege</strong></span> <span class='ocrx_word' id='word_1_128' title='bbox 688 1480 745 1530; x_wconf 86' lang='lat' dir='ltr'><strong>radl</strong></span> <span class='ocrx_word' id='word_1_129' title='bbox 757 1489 899 1546; x_wconf 84' lang='lat' dir='ltr'><strong>repertum.</strong></span> <span class='ocrx_word' id='word_1_130' title='bbox 925 1483 1000 1543; x_wconf 81' lang='lat' dir='ltr'><strong>luter</strong></span> <span class='ocrx_word' id='word_1_131' title='bbox 1011 1483 1176 1549; x_wconf 77' lang='lat' dir='ltr'><strong>philosopher</strong></span> <span class='ocrx_word' id='word_1_132' title='bbox 1188 1487 1287 1550; x_wconf 82' lang='lat' dir='ltr'><strong>primus</strong></span> 
     </span>
     <span class='ocr_line' id='line_1_14' title="bbox 178 1549 1293 1633; baseline 0.01 -26"><span class='ocrx_word' id='word_1_133' title='bbox 178 1549 286 1607; x_wconf 62' lang='lat' dir='ltr'><strong>berham</strong></span> <span class='ocrx_word' id='word_1_134' title='bbox 297 1554 391 1606; x_wconf 65' lang='lat' dir='ltr'><strong>Mssa</strong></span> <span class='ocrx_word' id='word_1_135' title='bbox 407 1556 521 1608; x_wconf 86' lang='lat' dir='ltr'><strong>truditur</strong></span> <span class='ocrx_word' id='word_1_136' title='bbox 536 1557 706 1612; x_wconf 86' lang='lat' dir='ltr'><strong>Antisthenes</strong></span> <span class='ocrx_word' id='word_1_137' title='bbox 723 1563 820 1627; x_wconf 69' lang='lat' dir='ltr'><strong>suida»,</strong></span> <span class='ocrx_word' id='word_1_138' title='bbox 840 1565 866 1613; x_wconf 89' lang='lat' dir='ltr'><strong>in</strong></span> <span class='ocrx_word' id='word_1_139' title='bbox 886 1580 949 1615; x_wconf 79' lang='lat' dir='ltr'><strong>voee</strong></span> <span class='ocrx_word' id='word_1_140' title='bbox 969 1567 1081 1617; x_wconf 74' lang='grc' dir='ltr'>καθεῖναι.</span> <span class='ocrx_word' id='word_1_141' title='bbox 1114 1567 1180 1617; x_wconf 80' lang='lat' dir='ltr'><strong>linc</strong></span> <span class='ocrx_word' id='word_1_142' title='bbox 1194 1582 1293 1633; x_wconf 71' lang='lat' dir='ltr'><strong>prope·</strong></span> 
     </span>
    </p>
   </div>
   <div class='ocr_carea' id='block_1_4' title="bbox 179 1633 1396 1719">
    <p class='ocr_par' dir='ltr' id='par_1_4' title="bbox 179 1633 1396 1719">
     <span class='ocr_line' id='line_1_15' title="bbox 179 1633 1396 1719; baseline 0.014 -34"><span class='ocrx_word' id='word_1_143' title='bbox 179 1633 285 1685; x_wconf 77' lang='lat' dir='ltr'><strong>medum</strong></span> <span class='ocrx_word' id='word_1_144' title='bbox 297 1635 382 1687; x_wconf 82' lang='lat' dir='ltr'><strong>elisua</strong></span> <span class='ocrx_word' id='word_1_145' title='bbox 391 1649 407 1687; x_wconf 84' lang='lat' dir='ltr'><strong>a</strong></span> <span class='ocrx_word' id='word_1_146' title='bbox 415 1638 520 1690; x_wconf 81' lang='lat' dir='ltr'><strong>Tacito:</strong></span> <span class='ocrx_word' id='word_1_147' title='bbox 538 1640 586 1691; x_wconf 87' lang='lat' dir='ltr'><strong>sed</strong></span> <span class='ocrx_word' id='word_1_148' title='bbox 596 1656 644 1707; x_wconf 84' lang='lat' dir='ltr'><strong>per</strong></span> <span class='ocrx_word' id='word_1_149' title='bbox 655 1657 714 1694; x_wconf 81' lang='lat' dir='ltr'><strong>eum</strong></span> <span class='ocrx_word' id='word_1_150' title='bbox 723 1659 773 1697; x_wconf 87' lang='lat' dir='ltr'><strong>non</strong></span> <span class='ocrx_word' id='word_1_151' title='bbox 782 1645 903 1710; x_wconf 85' lang='lat' dir='ltr'><strong>absurde,</strong></span> <span class='ocrx_word' id='word_1_152' title='bbox 911 1654 940 1698; x_wconf 87' lang='lat' dir='ltr'><strong>ut</strong></span> <span class='ocrx_word' id='word_1_153' title='bbox 948 1662 1090 1713; x_wconf 89' lang='lat' dir='ltr'><strong>spero,nec</strong></span> <span class='ocrx_word' id='word_1_154' title='bbox 1098 1647 1216 1714; x_wconf 84' lang='lat' dir='ltr'><strong>ingratiis</strong></span> <span class='ocrx_word' id='word_1_155' title='bbox 1227 1651 1288 1715; x_wconf 89' lang='lat' dir='ltr'><strong>tuis,</strong></span> <span class='ocrx_word' id='word_1_156' title='bbox 1394 1716 1396 1719; x_wconf 12' lang='lat' dir='ltr'>v</span> 
     </span>
    </p>
   </div>
   <div class='ocr_carea' id='block_1_5' title="bbox 179 1714 426 1778">
    <p class='ocr_par' dir='ltr' id='par_1_5' title="bbox 179 1714 426 1778">
     <span class='ocr_line' id='line_1_16' title="bbox 179 1714 426 1778; baseline 0.036 -18"><span class='ocrx_word' id='word_1_157' title='bbox 179 1714 273 1778; x_wconf 92' lang='lat' dir='ltr'><strong>lector,</strong></span> <span class='ocrx_word' id='word_1_158' title='bbox 284 1716 345 1766; x_wconf 86' lang='lat' dir='ltr'><strong>milri</strong></span> <span class='ocrx_word' id='word_1_159' title='bbox 357 1724 426 1769; x_wconf 89' lang='lat' dir='ltr'><strong>nata.</strong></span> 
     </span>
    </p>
   </div>
   <div class='ocr_carea' id='block_1_6' title="bbox 718 1901 748 1953">
    <p class='ocr_par' dir='ltr' id='par_1_6' title="bbox 718 1901 748 1953">
     <span class='ocr_line' id='line_1_17' title="bbox 718 1901 748 1953; baseline -0.067 0"><span class='ocrx_word' id='word_1_160' title='bbox 718 1901 748 1953; x_wconf 85' lang='lat' dir='ltr'><strong>C.</strong></span> 
     </span>
    </p>
   </div>
   <div class='ocr_carea' id='block_1_7' title="bbox 214 2008 1396 2099">
    <p class='ocr_par' dir='ltr' id='par_1_7' title="bbox 214 2008 1396 2099">
     <span class='ocr_line' id='line_1_18' title="bbox 214 2008 1396 2099; baseline 0.018 -33"><span class='ocrx_word' id='word_1_161' title='bbox 214 2016 334 2070; x_wconf 66' lang='lat' dir='ltr'><strong>Canis.</strong></span> <span class='ocrx_word' id='word_1_162' title='bbox 361 2021 431 2072; x_wconf 86' lang='lat' dir='ltr'><strong>Olim</strong></span> <span class='ocrx_word' id='word_1_163' title='bbox 450 2023 478 2074; x_wconf 90' lang='lat' dir='ltr'><strong>in</strong></span> <span class='ocrx_word' id='word_1_164' title='bbox 495 2028 586 2091; x_wconf 88' lang='lat' dir='ltr'><strong>populi</strong></span> <span class='ocrx_word' id='word_1_165' title='bbox 594 2028 926 2098; x_wconf 82' lang='lat' dir='ltr'><strong>libertate,nenfreqnens</strong></span> <span class='ocrx_word' id='word_1_166' title='bbox 942 2033 1147 2098; x_wconf 87' lang='lat' dir='ltr'><strong>appellationum</strong></span> <span class='ocrx_word' id='word_1_167' title='bbox 1157 2049 1226 2099; x_wconf 89' lang='lat' dir='ltr'><strong>usus,</strong></span> <span class='ocrx_word' id='word_1_168' title='bbox 1236 2049 1289 2086; x_wconf 92' lang='lat' dir='ltr'><strong>nou</strong></span> <span class='ocrx_word' id='word_1_169' title='bbox 1391 2008 1396 2013; x_wconf 34' lang='grc'><em>’</em></span> 
     </span>
    </p>
   </div>
   <div class='ocr_carea' id='block_1_8' title="bbox 177 2100 1298 4310">
    <p class='ocr_par' dir='ltr' id='par_1_8' title="bbox 177 2100 1298 4310">
     <span class='ocr_line' id='line_1_19' title="bbox 180 2100 1290 2181; baseline 0.018 -35"><span class='ocrx_word' id='word_1_170' title='bbox 180 2105 254 2149; x_wconf 88' lang='lat' dir='ltr'><strong>certe</strong></span> <span class='ocrx_word' id='word_1_171' title='bbox 263 2100 290 2149; x_wconf 91' lang='lat' dir='ltr'><strong>iu</strong></span> <span class='ocrx_word' id='word_1_172' title='bbox 300 2116 393 2153; x_wconf 81' lang='lat' dir='ltr'><strong>caussa</strong></span> <span class='ocrx_word' id='word_1_173' title='bbox 402 2104 488 2156; x_wconf 88' lang='lat' dir='ltr'><strong>civili:</strong></span> <span class='ocrx_word' id='word_1_174' title='bbox 506 2107 577 2173; x_wconf 89' lang='lat' dir='ltr'><strong>(uam</strong></span> <span class='ocrx_word' id='word_1_175' title='bbox 589 2114 804 2174; x_wconf 86' lang='lat' dir='ltr'><strong>provocationem</strong></span> <span class='ocrx_word' id='word_1_176' title='bbox 815 2116 848 2166; x_wconf 95' lang='lat' dir='ltr'><strong>ad</strong></span> <span class='ocrx_word' id='word_1_177' title='bbox 861 2117 993 2180; x_wconf 87' lang='lat' dir='ltr'><strong>populum,</strong></span> <span class='ocrx_word' id='word_1_178' title='bbox 1008 2117 1034 2165; x_wconf 89' lang='lat' dir='ltr'><strong>iu</strong></span> <span class='ocrx_word' id='word_1_179' title='bbox 1051 2131 1080 2166; x_wconf 90' lang='lat' dir='ltr'><strong>re</strong></span> <span class='ocrx_word' id='word_1_180' title='bbox 1097 2116 1187 2181; x_wconf 88' lang='lat' dir='ltr'><strong>majori</strong></span> <span class='ocrx_word' id='word_1_181' title='bbox 1205 2117 1290 2167; x_wconf 91' lang='lat' dir='ltr'><strong>crimi-</strong></span> 
     </span>
     <span class='ocr_line' id='line_1_20' title="bbox 179 2182 1290 2264; baseline 0.02 -37"><span class='ocrx_word' id='word_1_182' title='bbox 179 2194 302 2246; x_wconf 88' lang='lat' dir='ltr'><strong>numque,</strong></span> <span class='ocrx_word' id='word_1_183' title='bbox 318 2182 482 2250; x_wconf 83' lang='lat' dir='ltr'><strong>frequentem</strong></span> <span class='ocrx_word' id='word_1_184' title='bbox 503 2191 634 2257; x_wconf 59' lang='lat' dir='ltr'><strong>acimum)</strong></span> <span class='ocrx_word' id='word_1_185' title='bbox 654 2211 713 2247; x_wconf 86' lang='lat' dir='ltr'><strong>usus</strong></span> <span class='ocrx_word' id='word_1_186' title='bbox 734 2204 832 2250; x_wconf 86' lang='lat' dir='ltr'><strong>tamen.</strong></span> <span class='ocrx_word' id='word_1_187' title='bbox 864 2198 890 2249; x_wconf 91' lang='lat' dir='ltr'><strong>A</strong></span> <span class='ocrx_word' id='word_1_188' title='bbox 908 2199 1026 2250; x_wconf 86' lang='lat' dir='ltr'><strong>Praetore</strong></span> <span class='ocrx_word' id='word_1_189' title='bbox 1044 2201 1113 2250; x_wconf 88' lang='lat' dir='ltr'><strong>enim</strong></span> <span class='ocrx_word' id='word_1_190' title='bbox 1130 2199 1290 2264; x_wconf 88' lang='lat' dir='ltr'><strong>appellatum</strong></span> 
     </span>
     <span class='ocr_line' id='line_1_21' title="bbox 179 2264 1290 2348; baseline 0.014 -33"><span class='ocrx_word' id='word_1_191' title='bbox 179 2264 293 2329; x_wconf 81' lang='lat' dir='ltr'><strong>reperio,</strong></span> <span class='ocrx_word' id='word_1_192' title='bbox 304 2267 368 2318; x_wconf 83' lang='lat' dir='ltr'><strong>alias</strong></span> <span class='ocrx_word' id='word_1_193' title='bbox 379 2270 412 2318; x_wconf 89' lang='lat' dir='ltr'><strong>ad</strong></span> <span class='ocrx_word' id='word_1_194' title='bbox 424 2271 550 2337; x_wconf 76' lang='lat' dir='ltr'><strong>collegam</strong></span> <span class='ocrx_word' id='word_1_195' title='bbox 565 2276 632 2340; x_wconf 87' lang='lat' dir='ltr'><strong>ejus,</strong></span> <span class='ocrx_word' id='word_1_196' title='bbox 643 2279 705 2331; x_wconf 79' lang='lat' dir='ltr'><strong>alias</strong></span> <span class='ocrx_word' id='word_1_197' title='bbox 717 2280 750 2331; x_wconf 89' lang='lat' dir='ltr'><strong>ad</strong></span> <span class='ocrx_word' id='word_1_198' title='bbox 761 2281 897 2333; x_wconf 84' lang='lat' dir='ltr'><strong>Tribunos.</strong></span> <span class='ocrx_word' id='word_1_199' title='bbox 931 2281 974 2333; x_wconf 90' lang='lat' dir='ltr'><strong>Ad</strong></span> <span class='ocrx_word' id='word_1_200' title='bbox 986 2283 1122 2348; x_wconf 76' lang='lat' dir='ltr'><strong>collegam,</strong></span> <span class='ocrx_word' id='word_1_201' title='bbox 1132 2282 1227 2332; x_wconf 85' lang='lat' dir='ltr'><strong>Cicero</strong></span> <span class='ocrx_word' id='word_1_202' title='bbox 1237 2296 1290 2330; x_wconf 89' lang='lat' dir='ltr'><strong>uno</strong></span> 
     </span>
     <span class='ocr_line' id='line_1_22' title="bbox 178 2346 1289 2429; baseline -0.003 -15"><span class='ocrx_word' id='word_1_203' title='bbox 178 2346 240 2395; x_wconf 75' lang='lat'>¹⁰⁰⁰</span> <span class='ocrx_word' id='word_1_204' title='bbox 251 2347 297 2397; x_wconf 58' lang='lat'><strong>⁸⁰⁶</strong></span> <span class='ocrx_word' id='word_1_205' title='bbox 308 2348 388 2413; x_wconf 63' lang='lat' dir='ltr'><strong>clm,</strong></span> <span class='ocrx_word' id='word_1_206' title='bbox 398 2352 426 2400; x_wconf 81' lang='lat' dir='ltr'><strong>in</strong></span> <span class='ocrx_word' id='word_1_207' title='bbox 436 2353 555 2419; x_wconf 84' lang='lat' dir='ltr'><strong>Verrem,</strong></span> <span class='ocrx_word' id='word_1_208' title='bbox 567 2359 609 2409; x_wconf 76' lang='lat' dir='ltr'><strong>de</strong></span> <span class='ocrx_word' id='word_1_209' title='bbox 626 2360 747 2413; x_wconf 83' lang='lat' dir='ltr'><strong>Praetura</strong></span> <span class='ocrx_word' id='word_1_210' title='bbox 766 2364 882 2413; x_wconf 87' lang='lat' dir='ltr'><strong>urbana:</strong></span> <span class='ocrx_word' id='word_1_211' title='bbox 899 2363 947 2415; x_wconf 87' lang='lat' dir='ltr'><strong>‘L.</strong></span> <span class='ocrx_word' id='word_1_212' title='bbox 960 2364 1042 2427; x_wconf 88' lang='lat' dir='ltr'><strong>Piso,&#39;</strong></span> <span class='ocrx_word' id='word_1_213' title='bbox 1064 2363 1156 2429; x_wconf 90' lang='lat' dir='ltr'><strong>lnquit,</strong></span> <span class='ocrx_word' id='word_1_214' title='bbox 1175 2364 1183 2392; x_wconf 85' lang='lat'><em>‘</em></span> <span class='ocrx_word' id='word_1_215' title='bbox 1195 2363 1289 2413; x_wconf 90' lang='lat' dir='ltr'><strong>multos</strong></span> 
     </span>
     <span class='ocr_line' id='line_1_23' title="bbox 178 2426 1290 2511; baseline 0.015 -35"><span class='ocrx_word' id='word_1_216' title='bbox 178 2426 285 2479; x_wconf 88' lang='lat' dir='ltr'><strong>codices</strong></span> <span class='ocrx_word' id='word_1_217' title='bbox 297 2429 416 2495; x_wconf 83' lang='lat' dir='ltr'><strong>implerit</strong></span> <span class='ocrx_word' id='word_1_218' title='bbox 434 2449 523 2487; x_wconf 84' lang='lat' dir='ltr'><strong>earum</strong></span> <span class='ocrx_word' id='word_1_219' title='bbox 542 2453 629 2491; x_wconf 90' lang='lat' dir='ltr'><strong>rerum</strong></span> <span class='ocrx_word' id='word_1_220' title='bbox 648 2442 741 2507; x_wconf 88' lang='lat' dir='ltr'><strong>quibus</strong></span> <span class='ocrx_word' id='word_1_221' title='bbox 752 2443 790 2494; x_wconf 89' lang='lat' dir='ltr'><strong>ita</strong></span> <span class='ocrx_word' id='word_1_222' title='bbox 801 2445 959 2507; x_wconf 84' lang='lat' dir='ltr'><strong>intercessit,</strong></span> <span class='ocrx_word' id='word_1_223' title='bbox 969 2445 1039 2511; x_wconf 88' lang='lat' dir='ltr'><strong>quod</strong></span> <span class='ocrx_word' id='word_1_224' title='bbox 1054 2445 1106 2496; x_wconf 85' lang='lat' dir='ltr'><strong>iste</strong></span> <span class='ocrx_word' id='word_1_225' title='bbox 1122 2445 1200 2495; x_wconf 87' lang='lat' dir='ltr'><strong>aliter</strong></span> <span class='ocrx_word' id='word_1_226' title='bbox 1212 2451 1290 2510; x_wconf 89' lang='lat' dir='ltr'><strong>atque</strong></span> 
     </span>
     <span class='ocr_line' id='line_1_24' title="bbox 179 2509 1292 2592; baseline 0.017 -36"><span class='ocrx_word' id='word_1_227' title='bbox 179 2514 210 2558; x_wconf 91' lang='lat' dir='ltr'><strong>ut</strong></span> <span class='ocrx_word' id='word_1_228' title='bbox 222 2509 350 2575; x_wconf 77' lang='lat' dir='ltr'><strong>edixerat,</strong></span> <span class='ocrx_word' id='word_1_229' title='bbox 361 2514 537 2568; x_wconf 86' lang='lat' dir='ltr'><strong>decrevisset:</strong></span> <span class='ocrx_word' id='word_1_230' title='bbox 557 2521 626 2585; x_wconf 84' lang='lat' dir='ltr'><strong>quod</strong></span> <span class='ocrx_word' id='word_1_231' title='bbox 643 2538 688 2572; x_wconf 83' lang='lat' dir='ltr'><strong>vos</strong></span> <span class='ocrx_word' id='word_1_232' title='bbox 700 2525 795 2590; x_wconf 80' lang='lat' dir='ltr'><strong>oblitos</strong></span> <span class='ocrx_word' id='word_1_233' title='bbox 808 2541 865 2577; x_wconf 88' lang='lat' dir='ltr'><strong>esse</strong></span> <span class='ocrx_word' id='word_1_234' title='bbox 877 2541 928 2577; x_wconf 91' lang='lat' dir='ltr'><strong>uon</strong></span> <span class='ocrx_word' id='word_1_235' title='bbox 940 2527 1063 2590; x_wconf 86' lang='lat' dir='ltr'><strong>arbitror,</strong></span> <span class='ocrx_word' id='word_1_236' title='bbox 1073 2542 1130 2592; x_wconf 82' lang='lat' dir='ltr'><strong>quae</strong></span> <span class='ocrx_word' id='word_1_237' title='bbox 1142 2526 1292 2589; x_wconf 86' lang='lat' dir='ltr'><strong>multitudo,</strong></span> 
     </span>
     <span class='ocr_line' id='line_1_25' title="bbox 179 2591 1292 2672; baseline 0.016 -33"><span class='ocrx_word' id='word_1_238' title='bbox 179 2591 226 2655; x_wconf 90' lang='lat' dir='ltr'><strong>qni</strong></span> <span class='ocrx_word' id='word_1_239' title='bbox 235 2593 300 2643; x_wconf 91' lang='lat' dir='ltr'><strong>ordo</strong></span> <span class='ocrx_word' id='word_1_240' title='bbox 311 2591 349 2645; x_wconf 65' lang='lat' dir='ltr'><strong>¹ad</strong></span> <span class='ocrx_word' id='word_1_241' title='bbox 368 2596 472 2649; x_wconf 85' lang='lat' dir='ltr'><strong>Pisonis</strong></span> <span class='ocrx_word' id='word_1_242' title='bbox 490 2602 579 2652; x_wconf 88' lang='lat' dir='ltr'><strong>sellam</strong></span> <span class='ocrx_word' id='word_1_243' title='bbox 599 2603 650 2654; x_wconf 90' lang='lat' dir='ltr'><strong>isto</strong></span> <span class='ocrx_word' id='word_1_244' title='bbox 670 2606 788 2656; x_wconf 84' lang='lat' dir='ltr'><strong>Praetore</strong></span> <span class='ocrx_word' id='word_1_245' title='bbox 807 2609 898 2658; x_wconf 83' lang='lat' dir='ltr'><strong>solitus</strong></span> <span class='ocrx_word' id='word_1_246' title='bbox 917 2608 952 2658; x_wconf 87' lang='lat' dir='ltr'><strong>sit</strong></span> <span class='ocrx_word' id='word_1_247' title='bbox 968 2610 1125 2658; x_wconf 83' lang='lat' dir='ltr'><strong>convenire:</strong></span> <span class='ocrx_word' id='word_1_248' title='bbox 1145 2622 1221 2672; x_wconf 87' lang='lat' dir='ltr'><strong>quem</strong></span> <span class='ocrx_word' id='word_1_249' title='bbox 1241 2608 1292 2657; x_wconf 88' lang='lat' dir='ltr'><strong>iste</strong></span> 
     </span>
     <span class='ocr_line' id='line_1_26' title="bbox 178 2673 1291 2754; baseline 0.013 -30"><span class='ocrx_word' id='word_1_250' title='bbox 178 2673 307 2737; x_wconf 74' lang='lat' dir='ltr'><strong>collegam</strong></span> <span class='ocrx_word' id='word_1_251' title='bbox 317 2677 367 2727; x_wconf 83' lang='lat' dir='ltr'><strong>uisi</strong></span> <span class='ocrx_word' id='word_1_252' title='bbox 378 2680 519 2747; x_wconf 79' lang='lat' dir='ltr'><strong>habuisset,</strong></span> <span class='ocrx_word' id='word_1_253' title='bbox 529 2684 640 2737; x_wconf 87' lang='lat' dir='ltr'><strong>obrutus</strong></span> <span class='ocrx_word' id='word_1_254' title='bbox 656 2688 684 2737; x_wconf 90' lang='lat' dir='ltr'><strong>in</strong></span> <span class='ocrx_word' id='word_1_255' title='bbox 701 2686 761 2739; x_wconf 82' lang='lat' dir='ltr'><strong>foro</strong></span> <span class='ocrx_word' id='word_1_256' title='bbox 780 2690 909 2754; x_wconf 82' lang='lat' dir='ltr'><strong>lapidibus</strong></span> <span class='ocrx_word' id='word_1_257' title='bbox 928 2689 1016 2740; x_wconf 72' lang='lat' dir='ltr'><strong>esset!</strong></span> <span class='ocrx_word' id='word_1_258' title='bbox 1048 2689 1227 2753; x_wconf 79' lang='lat' dir='ltr'><strong>Ascaniusque</strong></span> <span class='ocrx_word' id='word_1_259' title='bbox 1238 2686 1291 2739; x_wconf 88' lang='lat' dir='ltr'><strong>ibi:</strong></span> 
     </span>
     <span class='ocr_line' id='line_1_27' title="bbox 177 2754 1293 2834; baseline -0.005 -8"><span class='ocrx_word' id='word_1_260' title='bbox 177 2755 185 2782; x_wconf 75' lang='lat'><strong><em>⁴</em></strong></span> <span class='ocrx_word' id='word_1_261' title='bbox 199 2754 602 2829; x_wconf 66' lang='lat' dir='ltr'><strong>1⁰¹⁰f⁰⁶d0fesutvides,etism</strong></span> <span class='ocrx_word' id='word_1_262' title='bbox 621 2769 725 2822; x_wconf 78' lang='lat' dir='ltr'><strong>Praetor</strong></span> <span class='ocrx_word' id='word_1_263' title='bbox 744 2771 860 2824; x_wconf 80' lang='lat' dir='ltr'><strong>Praetori</strong></span> <span class='ocrx_word' id='word_1_264' title='bbox 877 2774 954 2834; x_wconf 87' lang='lat' dir='ltr'><strong>solet,</strong></span> <span class='ocrx_word' id='word_1_265' title='bbox 965 2776 995 2822; x_wconf 89' lang='lat' dir='ltr'><strong>ut</strong></span> <span class='ocrx_word' id='word_1_266' title='bbox 1007 2772 1069 2821; x_wconf 88' lang='lat' dir='ltr'><strong>Piso</strong></span> <span class='ocrx_word' id='word_1_267' title='bbox 1080 2770 1167 2834; x_wconf 87' lang='lat' dir='ltr'><strong>Verri,</strong></span> <span class='ocrx_word' id='word_1_268' title='bbox 1177 2770 1293 2834; x_wconf 82' lang='lat' dir='ltr'><strong>appella-</strong></span> 
     </span>
     <span class='ocr_line' id='line_1_28' title="bbox 179 2838 1293 2917; baseline 0.013 -31"><span class='ocrx_word' id='word_1_269' title='bbox 179 2838 253 2887; x_wconf 85' lang='lat' dir='ltr'><strong>tione</strong></span> <span class='ocrx_word' id='word_1_270' title='bbox 274 2855 373 2891; x_wconf 83' lang='lat' dir='ltr'><strong>caussus</strong></span> <span class='ocrx_word' id='word_1_271' title='bbox 395 2844 429 2894; x_wconf 80' lang='lat' dir='ltr'><strong>ad</strong></span> <span class='ocrx_word' id='word_1_272' title='bbox 451 2847 578 2912; x_wconf 73' lang='lat' dir='ltr'><strong>collegam</strong></span> <span class='ocrx_word' id='word_1_273' title='bbox 598 2849 688 2902; x_wconf 60' lang='lat' dir='ltr'><strong>facta?</strong></span> <span class='ocrx_word' id='word_1_274' title='bbox 720 2852 764 2903; x_wconf 90' lang='lat' dir='ltr'><strong>Ad</strong></span> <span class='ocrx_word' id='word_1_275' title='bbox 786 2854 917 2903; x_wconf 80' lang='lat' dir='ltr'><strong>Tribunos</strong></span> <span class='ocrx_word' id='word_1_276' title='bbox 937 2854 1105 2917; x_wconf 87' lang='lat' dir='ltr'><strong>appellatum,</strong></span> <span class='ocrx_word' id='word_1_277' title='bbox 1123 2853 1202 2901; x_wconf 83' lang='lat' dir='ltr'><strong>docet</strong></span> <span class='ocrx_word' id='word_1_278' title='bbox 1223 2850 1293 2901; x_wconf 86' lang='lat' dir='ltr'><strong>idem</strong></span> 
     </span>
     <span class='ocr_line' id='line_1_29' title="bbox 180 2918 1294 3000; baseline 0.01 -30"><span class='ocrx_word' id='word_1_279' title='bbox 180 2918 337 2985; x_wconf 76' lang='lat' dir='ltr'><strong>Cieesupro</strong></span> <span class='ocrx_word' id='word_1_280' title='bbox 347 2924 383 2974; x_wconf 81' lang='lat' dir='ltr'><strong>P.</strong></span> <span class='ocrx_word' id='word_1_281' title='bbox 392 2927 533 2981; x_wconf 80' lang='lat' dir='ltr'><strong>Quinctio:</strong></span> <span class='ocrx_word' id='word_1_282' title='bbox 552 2930 750 2996; x_wconf 75' lang='lat' dir='ltr'><strong>‘Appellantur</strong></span> <span class='ocrx_word' id='word_1_283' title='bbox 768 2935 888 2999; x_wconf 79' lang='lat' dir='ltr'><strong>Tribuni,</strong></span> <span class='ocrx_word' id='word_1_284' title='bbox 906 2949 922 2984; x_wconf 92' lang='lat' dir='ltr'><strong>a</strong></span> <span class='ocrx_word' id='word_1_285' title='bbox 939 2934 1031 3000; x_wconf 89' lang='lat' dir='ltr'><strong>quibus</strong></span> <span class='ocrx_word' id='word_1_286' title='bbox 1044 2947 1101 2984; x_wconf 89' lang='lat' dir='ltr'><strong>cum</strong></span> <span class='ocrx_word' id='word_1_287' title='bbox 1113 2940 1183 2984; x_wconf 88' lang='lat' dir='ltr'><strong>esset</strong></span> <span class='ocrx_word' id='word_1_288' title='bbox 1192 2938 1294 2983; x_wconf 86' lang='lat' dir='ltr'><strong>certum</strong></span> 
     </span>
     <span class='ocr_line' id='line_1_30' title="bbox 180 3002 1296 3080; baseline 0.009 -26"><span class='ocrx_word' id='word_1_289' title='bbox 180 3002 305 3056; x_wconf 80' lang='lat' dir='ltr'><strong>auxilium</strong></span> <span class='ocrx_word' id='word_1_290' title='bbox 316 3005 447 3070; x_wconf 82' lang='lat' dir='ltr'><strong>petitum,&#39;</strong></span> <span class='ocrx_word' id='word_1_291' title='bbox 457 3012 507 3060; x_wconf 79' lang='lat' dir='ltr'><strong>dec.</strong></span> <span class='ocrx_word' id='word_1_292' title='bbox 543 3012 646 3072; x_wconf 75' lang='lat' dir='ltr'><strong>Clarius</strong></span> <span class='ocrx_word' id='word_1_293' title='bbox 656 3013 740 3065; x_wconf 82' lang='lat' dir='ltr'><strong>infra:</strong></span> <span class='ocrx_word' id='word_1_294' title='bbox 757 3016 857 3080; x_wconf 87' lang='lat' dir='ltr'><strong>‘cujus</strong></span> <span class='ocrx_word' id='word_1_295' title='bbox 869 3023 1023 3080; x_wconf 88' lang='lat' dir='ltr'><strong>procurator</strong></span> <span class='ocrx_word' id='word_1_296' title='bbox 1035 3029 1050 3065; x_wconf 87' lang='lat' dir='ltr'><strong>a</strong></span> <span class='ocrx_word' id='word_1_297' title='bbox 1068 3015 1189 3065; x_wconf 85' lang='lat' dir='ltr'><strong>Praetore</strong></span> <span class='ocrx_word' id='word_1_298' title='bbox 1205 3014 1296 3064; x_wconf 88' lang='lat' dir='ltr'><strong>Tribu-</strong></span> 
     </span>
     <span class='ocr_line' id='line_1_31' title="bbox 179 3087 1294 3163; baseline 0.005 -23"><span class='ocrx_word' id='word_1_299' title='bbox 179 3097 228 3140; x_wconf 70' lang='lat'><strong>11⁰³</strong></span> <span class='ocrx_word' id='word_1_300' title='bbox 238 3087 373 3149; x_wconf 83' lang='lat' dir='ltr'><strong>appellare</strong></span> <span class='ocrx_word' id='word_1_301' title='bbox 385 3103 460 3140; x_wconf 70' lang='lat' dir='ltr'><strong>auus</strong></span> <span class='ocrx_word' id='word_1_302' title='bbox 472 3091 525 3141; x_wconf 64' lang='lat' dir='ltr'><strong>sit?</strong></span> <span class='ocrx_word' id='word_1_303' title='bbox 558 3093 625 3145; x_wconf 80' lang='lat' dir='ltr'><strong>Haec</strong></span> <span class='ocrx_word' id='word_1_304' title='bbox 643 3096 721 3146; x_wconf 86' lang='lat' dir='ltr'><strong>olim:</strong></span> <span class='ocrx_word' id='word_1_305' title='bbox 739 3111 789 3147; x_wconf 90' lang='lat' dir='ltr'><strong>nec</strong></span> <span class='ocrx_word' id='word_1_306' title='bbox 808 3098 969 3163; x_wconf 84' lang='lat' dir='ltr'><strong>appellatum</strong></span> <span class='ocrx_word' id='word_1_307' title='bbox 985 3098 1088 3161; x_wconf 86' lang='lat' dir='ltr'><strong>reperio</strong></span> <span class='ocrx_word' id='word_1_308' title='bbox 1107 3097 1141 3146; x_wconf 90' lang='lat' dir='ltr'><strong>ad</strong></span> <span class='ocrx_word' id='word_1_309' title='bbox 1159 3096 1294 3146; x_wconf 84' lang='lat' dir='ltr'><strong>Senatum.</strong></span> 
     </span>
     <span class='ocr_line' id='line_1_32' title="bbox 180 3163 1294 3254; baseline 0.013 -40"><span class='ocrx_word' id='word_1_310' title='bbox 180 3163 219 3214; x_wconf 88' lang='lat' dir='ltr'><strong>At</strong></span> <span class='ocrx_word' id='word_1_311' title='bbox 226 3164 362 3228; x_wconf 74' lang='lat' dir='ltr'><strong>Angustus</strong></span> <span class='ocrx_word' id='word_1_312' title='bbox 370 3169 508 3234; x_wconf 76' lang='lat' dir='ltr'><strong>imperium</strong></span> <span class='ocrx_word' id='word_1_313' title='bbox 517 3174 639 3240; x_wconf 83' lang='lat' dir='ltr'><strong>adeptus,</strong></span> <span class='ocrx_word' id='word_1_314' title='bbox 654 3177 1180 3245; x_wconf 71' lang='lat' dir='ltr'><strong>‘Appellatiunesquotannis&#39;urbanorum</strong></span> <span class='ocrx_word' id='word_1_315' title='bbox 1189 3178 1294 3254; x_wconf 86' lang='lat' dir='ltr'><strong>quidem</strong></span> 
     </span>
     <span class='ocr_line' id='line_1_33' title="bbox 180 3246 1295 3324; baseline -0.004 -12"><span class='ocrx_word' id='word_1_316' title='bbox 180 3246 343 3311; x_wconf 62' lang='lat' dir='ltr'><strong>litiistorum</strong></span> <span class='ocrx_word' id='word_1_317' title='bbox 352 3253 598 3319; x_wconf 69' lang='lat' dir='ltr'><strong>ilroetosidelegavit</strong></span> <span class='ocrx_word' id='word_1_318' title='bbox 607 3258 724 3309; x_wconf 78' lang='lat' dir='ltr'><strong>urbanos</strong></span> <span class='ocrx_word' id='word_1_319' title='bbox 742 3260 815 3323; x_wconf 88' lang='lat' dir='ltr'><strong>[num</strong></span> <span class='ocrx_word' id='word_1_320' title='bbox 825 3260 904 3311; x_wconf 89' lang='lat' dir='ltr'><strong>scrib.</strong></span> <span class='ocrx_word' id='word_1_321' title='bbox 912 3259 1031 3321; x_wconf 76' lang='lat' dir='ltr'><strong>Profecto</strong></span> <span class='ocrx_word' id='word_1_322' title='bbox 1038 3262 1084 3310; x_wconf 77' lang='lat' dir='ltr'><strong>det.</strong></span> <span class='ocrx_word' id='word_1_323' title='bbox 1094 3257 1188 3323; x_wconf 76' lang='lat' dir='ltr'><strong>astiti]</strong></span> <span class='ocrx_word' id='word_1_324' title='bbox 1200 3265 1227 3309; x_wconf 89' lang='lat' dir='ltr'><strong>st</strong></span> <span class='ocrx_word' id='word_1_325' title='bbox 1236 3273 1295 3324; x_wconf 85' lang='lat' dir='ltr'><strong>pro·</strong></span> 
     </span>
     <span class='ocr_line' id='line_1_34' title="bbox 179 3327 1296 3408; baseline 0.01 -30"><span class='ocrx_word' id='word_1_326' title='bbox 179 3327 339 3394; x_wconf 68' lang='lat' dir='ltr'><strong>cinctorium,</strong></span> <span class='ocrx_word' id='word_1_327' title='bbox 349 3336 529 3388; x_wconf 81' lang='lat' dir='ltr'><strong>consularibus</strong></span> <span class='ocrx_word' id='word_1_328' title='bbox 540 3339 610 3402; x_wconf 84' lang='lat' dir='ltr'><strong>viris,</strong></span> <span class='ocrx_word' id='word_1_329' title='bbox 623 3356 686 3405; x_wconf 92' lang='lat' dir='ltr'><strong>quos</strong></span> <span class='ocrx_word' id='word_1_330' title='bbox 697 3342 813 3407; x_wconf 78' lang='lat' dir='ltr'><strong>singulos</strong></span> <span class='ocrx_word' id='word_1_331' title='bbox 823 3343 947 3408; x_wconf 87' lang='lat' dir='ltr'><strong>cujusque</strong></span> <span class='ocrx_word' id='word_1_332' title='bbox 957 3342 1097 3406; x_wconf 70' lang='lat' dir='ltr'><strong>provinciae</strong></span> <span class='ocrx_word' id='word_1_333' title='bbox 1107 3342 1218 3407; x_wconf 77' lang='lat' dir='ltr'><strong>negotiis</strong></span> <span class='ocrx_word' id='word_1_334' title='bbox 1229 3355 1296 3405; x_wconf 74' lang='lat' dir='ltr'><strong>pras·</strong></span> 
     </span>
     <span class='ocr_line' id='line_1_35' title="bbox 181 3411 1296 3490; baseline 0.011 -31"><span class='ocrx_word' id='word_1_335' title='bbox 181 3411 332 3477; x_wconf 87' lang='lat' dir='ltr'><strong>posuisset,&#39;</strong></span> <span class='ocrx_word' id='word_1_336' title='bbox 350 3416 387 3465; x_wconf 89' lang='lat' dir='ltr'><strong>ait</strong></span> <span class='ocrx_word' id='word_1_337' title='bbox 397 3417 471 3468; x_wconf 85' lang='lat' dir='ltr'><strong>Suet.</strong></span> <span class='ocrx_word' id='word_1_338' title='bbox 483 3434 508 3470; x_wconf 92' lang='lat' dir='ltr'><strong>c.</strong></span> <span class='ocrx_word' id='word_1_339' title='bbox 517 3424 559 3471; x_wconf 74' lang='lat'><strong>8³.</strong></span> <span class='ocrx_word' id='word_1_340' title='bbox 593 3424 678 3475; x_wconf 81' lang='lat' dir='ltr'><strong>Quem</strong></span> <span class='ocrx_word' id='word_1_341' title='bbox 691 3424 729 3473; x_wconf 89' lang='lat' dir='ltr'><strong>ita</strong></span> <span class='ocrx_word' id='word_1_342' title='bbox 739 3425 875 3490; x_wconf 76' lang='lat' dir='ltr'><strong>intellego,</strong></span> <span class='ocrx_word' id='word_1_343' title='bbox 887 3431 917 3475; x_wconf 93' lang='lat' dir='ltr'><strong>ut</strong></span> <span class='ocrx_word' id='word_1_344' title='bbox 928 3425 1117 3490; x_wconf 86' lang='lat' dir='ltr'><strong>appellationes</strong></span> <span class='ocrx_word' id='word_1_345' title='bbox 1129 3439 1143 3473; x_wconf 89' lang='lat' dir='ltr'><strong>a</strong></span> <span class='ocrx_word' id='word_1_346' title='bbox 1154 3422 1296 3472; x_wconf 87' lang='lat' dir='ltr'><strong>minoribns</strong></span> 
     </span>
     <span class='ocr_line' id='line_1_36' title="bbox 179 3493 1297 3570; baseline 0.008 -27"><span class='ocrx_word' id='word_1_347' title='bbox 179 3493 375 3557; x_wconf 71' lang='lat' dir='ltr'><strong>magistratibus</strong></span> <span class='ocrx_word' id='word_1_348' title='bbox 382 3499 559 3566; x_wconf 81' lang='lat' dir='ltr'><strong>judicibnsre,</strong></span> <span class='ocrx_word' id='word_1_349' title='bbox 570 3506 660 3556; x_wconf 70' lang='lat' dir='ltr'><strong>Rome</strong></span> <span class='ocrx_word' id='word_1_350' title='bbox 671 3506 703 3556; x_wconf 86' lang='lat' dir='ltr'><strong>ad</strong></span> <span class='ocrx_word' id='word_1_351' title='bbox 716 3507 861 3560; x_wconf 78' lang='lat' dir='ltr'><strong>Prastorem</strong></span> <span class='ocrx_word' id='word_1_352' title='bbox 876 3506 981 3570; x_wconf 86' lang='lat' dir='ltr'><strong>fierent,</strong></span> <span class='ocrx_word' id='word_1_353' title='bbox 998 3508 1025 3555; x_wconf 89' lang='lat' dir='ltr'><strong>iu</strong></span> <span class='ocrx_word' id='word_1_354' title='bbox 1046 3506 1141 3556; x_wconf 88' lang='lat' dir='ltr'><strong>caussis</strong></span> <span class='ocrx_word' id='word_1_355' title='bbox 1159 3506 1297 3554; x_wconf 86' lang='lat' dir='ltr'><strong>dumtaxat</strong></span> 
     </span>
     <span class='ocr_line' id='line_1_37' title="bbox 180 3573 1296 3653; baseline 0.006 -27"><span class='ocrx_word' id='word_1_356' title='bbox 180 3573 315 3626; x_wconf 77' lang='lat' dir='ltr'><strong>uirilibusr</strong></span> <span class='ocrx_word' id='word_1_357' title='bbox 333 3580 509 3646; x_wconf 70' lang='lat' dir='ltr'><strong>sprevimus,</strong></span> <span class='ocrx_word' id='word_1_358' title='bbox 519 3585 551 3634; x_wconf 88' lang='lat' dir='ltr'><strong>ad</strong></span> <span class='ocrx_word' id='word_1_359' title='bbox 562 3588 719 3637; x_wconf 88' lang='lat' dir='ltr'><strong>consulares.</strong></span> <span class='ocrx_word' id='word_1_360' title='bbox 754 3589 824 3638; x_wconf 89' lang='lat' dir='ltr'><strong>Nam</strong></span> <span class='ocrx_word' id='word_1_361' title='bbox 842 3590 905 3653; x_wconf 88' lang='lat' dir='ltr'><strong>quin</strong></span> <span class='ocrx_word' id='word_1_362' title='bbox 924 3588 1058 3651; x_wconf 84' lang='lat' dir='ltr'><strong>Augustus</strong></span> <span class='ocrx_word' id='word_1_363' title='bbox 1075 3588 1143 3650; x_wconf 88' lang='lat' dir='ltr'><strong>ipse,</strong></span> <span class='ocrx_word' id='word_1_364' title='bbox 1161 3583 1296 3634; x_wconf 78' lang='lat' dir='ltr'><strong>limandae</strong></span> 
     </span>
     <span class='ocr_line' id='line_1_38' title="bbox 180 3653 1297 3734; baseline 0.005 -24"><span class='ocrx_word' id='word_1_365' title='bbox 180 3653 362 3722; x_wconf 76' lang='lat' dir='ltr'><strong>dominationi,</strong></span> <span class='ocrx_word' id='word_1_366' title='bbox 373 3667 402 3711; x_wconf 86' lang='lat' dir='ltr'><strong>et</strong></span> <span class='ocrx_word' id='word_1_367' title='bbox 414 3663 476 3726; x_wconf 87' lang='lat' dir='ltr'><strong>jure</strong></span> <span class='ocrx_word' id='word_1_368' title='bbox 493 3667 632 3727; x_wconf 80' lang='lat' dir='ltr'><strong>potestatis</strong></span> <span class='ocrx_word' id='word_1_369' title='bbox 649 3668 819 3731; x_wconf 77' lang='lat' dir='ltr'><strong>Tribuniciae,</strong></span> <span class='ocrx_word' id='word_1_370' title='bbox 832 3671 979 3734; x_wconf 76' lang='lat' dir='ltr'><strong>graviorum</strong></span> <span class='ocrx_word' id='word_1_371' title='bbox 1000 3682 1086 3717; x_wconf 87' lang='lat' dir='ltr'><strong>rerum</strong></span> <span class='ocrx_word' id='word_1_372' title='bbox 1106 3666 1297 3730; x_wconf 81' lang='lat' dir='ltr'><strong>appellationes</strong></span> 
     </span>
     <span class='ocr_line' id='line_1_39' title="bbox 181 3738 1297 3813; baseline 0.011 -27"><span class='ocrx_word' id='word_1_373' title='bbox 181 3738 234 3788; x_wconf 82' lang='lat' dir='ltr'><strong>sint</strong></span> <span class='ocrx_word' id='word_1_374' title='bbox 251 3742 373 3806; x_wconf 68' lang='lat' dir='ltr'><strong>seruant,</strong></span> <span class='ocrx_word' id='word_1_375' title='bbox 391 3744 573 3811; x_wconf 76' lang='lat' dir='ltr'><strong>ambigendum</strong></span> <span class='ocrx_word' id='word_1_376' title='bbox 593 3749 636 3798; x_wconf 86' lang='lat' dir='ltr'><strong>vix</strong></span> <span class='ocrx_word' id='word_1_377' title='bbox 655 3756 721 3813; x_wconf 85' lang='lat' dir='ltr'><strong>puto</strong></span> <span class='ocrx_word' id='word_1_378' title='bbox 738 3766 753 3801; x_wconf 89' lang='lat' dir='ltr'><strong>e</strong></span> <span class='ocrx_word' id='word_1_379' title='bbox 772 3752 866 3801; x_wconf 87' lang='lat' dir='ltr'><strong>Dionis</strong></span> <span class='ocrx_word' id='word_1_380' title='bbox 878 3752 964 3801; x_wconf 85' lang='lat' dir='ltr'><strong>verbis</strong></span> <span class='ocrx_word' id='word_1_381' title='bbox 975 3752 994 3800; x_wconf 91' lang='lat' dir='ltr'><strong>l.</strong></span> <span class='ocrx_word' id='word_1_382' title='bbox 1005 3764 1055 3800; x_wconf 78' lang='grc' dir='ltr'><strong>ιιι.</strong></span> <span class='ocrx_word' id='word_1_383' title='bbox 1066 3749 1110 3799; x_wconf 87' lang='lat' dir='ltr'><strong>ubi</strong></span> <span class='ocrx_word' id='word_1_384' title='bbox 1121 3750 1251 3799; x_wconf 80' lang='lat' dir='ltr'><strong>Mucenas</strong></span> <span class='ocrx_word' id='word_1_385' title='bbox 1264 3749 1297 3799; x_wconf 86' lang='lat' dir='ltr'><strong>ad</strong></span> 
     </span>
     <span class='ocr_line' id='line_1_40' title="bbox 181 3818 1297 3896; baseline 0.004 -20"><span class='ocrx_word' id='word_1_386' title='bbox 181 3818 345 3884; x_wconf 76' lang='lat' dir='ltr'><strong>Augustam:</strong></span> <span class='ocrx_word' id='word_1_387' title='bbox 363 3823 454 3888; x_wconf 67' lang='grc' dir='ltr'><strong>Δίκαζε</strong></span> <span class='ocrx_word' id='word_1_388' title='bbox 464 3826 490 3877; x_wconf 76' lang='grc' dir='ltr'><strong>δὲ</strong></span> <span class='ocrx_word' id='word_1_389' title='bbox 502 3828 572 3879; x_wconf 70' lang='grc' dir='ltr'>αὐτὸς</span> <span class='ocrx_word' id='word_1_390' title='bbox 582 3828 630 3895; x_wconf 69' lang='grc' dir='ltr'><strong>ἰδίᾳ</strong></span> <span class='ocrx_word' id='word_1_391' title='bbox 638 3830 670 3880; x_wconf 72' lang='grc' dir='ltr'><strong>τό</strong></span> <span class='ocrx_word' id='word_1_392' title='bbox 685 3849 714 3881; x_wconf 82' lang='lat' dir='ltr'><strong>re</strong></span> <span class='ocrx_word' id='word_1_393' title='bbox 725 3830 827 3895; x_wconf 66' lang='grc' dir='ltr'>δφὲσιμα</span> <span class='ocrx_word' id='word_1_394' title='bbox 837 3832 876 3882; x_wconf 75' lang='grc' dir='ltr'><strong>καὶ</strong></span> <span class='ocrx_word' id='word_1_395' title='bbox 887 3833 919 3882; x_wconf 76' lang='lat' dir='ltr'><strong>rb</strong></span> <span class='ocrx_word' id='word_1_396' title='bbox 928 3830 1089 3893; x_wconf 66' lang='lat' dir='ltr'><strong>dominatus,</strong></span> <span class='ocrx_word' id='word_1_397' title='bbox 1100 3830 1146 3881; x_wconf 82' lang='grc' dir='ltr'><strong>ὅσα</strong></span> <span class='ocrx_word' id='word_1_398' title='bbox 1157 3830 1186 3881; x_wconf 76' lang='lat' dir='ltr'><strong>ds·</strong></span> <span class='ocrx_word' id='word_1_399' title='bbox 1196 3829 1259 3896; x_wconf 68' lang='grc' dir='ltr'><strong>παρά</strong></span> <span class='ocrx_word' id='word_1_400' title='bbox 1268 3848 1297 3880; x_wconf 71' lang='grc' dir='ltr'><strong>τε</strong></span> 
     </span>
     <span class='ocr_line' id='line_1_41' title="bbox 181 3901 1298 3979; baseline 0.003 -20"><span class='ocrx_word' id='word_1_401' title='bbox 181 3904 230 3954; x_wconf 69' lang='lat' dir='ltr'><strong>ses</strong></span> <span class='ocrx_word' id='word_1_402' title='bbox 239 3901 354 3966; x_wconf 54' lang='lat' dir='ltr'><strong>bustim</strong></span> <span class='ocrx_word' id='word_1_403' title='bbox 364 3906 493 3972; x_wconf 66' lang='lat' dir='ltr'><strong>doxtrum,</strong></span> <span class='ocrx_word' id='word_1_404' title='bbox 502 3910 541 3960; x_wconf 77' lang='lat' dir='ltr'><strong>reni</strong></span> <span class='ocrx_word' id='word_1_405' title='bbox 551 3912 615 3976; x_wconf 74' lang='lat' dir='ltr'><strong>rapi.</strong></span> <span class='ocrx_word' id='word_1_406' title='bbox 622 3916 670 3964; x_wconf 74' lang='lat' dir='ltr'><strong>ruis</strong></span> <span class='ocrx_word' id='word_1_407' title='bbox 680 3914 818 3979; x_wconf 76' lang='lat' dir='ltr'><strong>drrrpduos,</strong></span> <span class='ocrx_word' id='word_1_408' title='bbox 828 3916 899 3964; x_wconf 63' lang='lat' dir='ltr'><strong>rosere</strong></span> <span class='ocrx_word' id='word_1_409' title='bbox 909 3914 1042 3979; x_wconf 77' lang='grc' dir='ltr'>πολιαίρχου</span> <span class='ocrx_word' id='word_1_410' title='bbox 1052 3914 1093 3963; x_wconf 81' lang='lat' dir='ltr'><strong>aui</strong></span> <span class='ocrx_word' id='word_1_411' title='bbox 1102 3915 1146 3963; x_wconf 77' lang='lat' dir='ltr'><strong>rori</strong></span> <span class='ocrx_word' id='word_1_412' title='bbox 1155 3913 1298 3975; x_wconf 71' lang='lat' dir='ltr'><strong>brurrpnr&#39;oi</strong></span> 
     </span>
     <span class='ocr_line' id='line_1_42' title="bbox 182 3982 1296 4060; baseline 0.009 -24"><span class='ocrx_word' id='word_1_413' title='bbox 182 3982 222 4038; x_wconf 77' lang='lat' dir='ltr'><strong>trel</strong></span> <span class='ocrx_word' id='word_1_414' title='bbox 229 3986 278 4038; x_wconf 70' lang='lat' dir='ltr'><strong>rer</strong></span> <span class='ocrx_word' id='word_1_415' title='bbox 289 3985 407 4052; x_wconf 66' lang='grc' dir='ltr'><strong>ὄπᾶρχυν,</strong></span> <span class='ocrx_word' id='word_1_416' title='bbox 416 3990 536 4042; x_wconf 73' lang='lat' dir='ltr'><strong>roirsrbu</strong></span> <span class='ocrx_word' id='word_1_417' title='bbox 545 3995 619 4043; x_wconf 67' lang='lat' dir='ltr'><strong>otras</strong></span> <span class='ocrx_word' id='word_1_418' title='bbox 623 3995 805 4047; x_wconf 66' lang='grc' dir='ltr'><strong>ἐπισκοποῦντας</strong></span> <span class='ocrx_word' id='word_1_419' title='bbox 815 3997 908 4048; x_wconf 75' lang='grc' dir='ltr'>καὶτοῦ</span> <span class='ocrx_word' id='word_1_420' title='bbox 918 3999 1152 4060; x_wconf 73' lang='grc' dir='ltr'><strong>νυκτοφυλακοῦντας</strong></span> <span class='ocrx_word' id='word_1_421' title='bbox 1162 3996 1296 4059; x_wconf 53' lang='lat' dir='ltr'><strong>wastina·</strong></span> 
     </span>
     <span class='ocr_line' id='line_1_43' title="bbox 182 4066 1296 4145; baseline 0.011 -28"><span class='ocrx_word' id='word_1_422' title='bbox 182 4066 231 4118; x_wconf 84' lang='lat' dir='ltr'><strong>etsi</strong></span> <span class='ocrx_word' id='word_1_423' title='bbox 252 4070 372 4133; x_wconf 73' lang='lat' dir='ltr'><strong>qondam</strong></span> <span class='ocrx_word' id='word_1_424' title='bbox 390 4072 425 4122; x_wconf 91' lang='lat' dir='ltr'><strong>ibi</strong></span> <span class='ocrx_word' id='word_1_425' title='bbox 440 4074 542 4139; x_wconf 85' lang='lat' dir='ltr'><strong>miscet,</strong></span> <span class='ocrx_word' id='word_1_426' title='bbox 558 4078 638 4141; x_wconf 70' lang='lat' dir='ltr'><strong>magis</strong></span> <span class='ocrx_word' id='word_1_427' title='bbox 650 4093 682 4128; x_wconf 84' lang='lat' dir='ltr'><strong>ex</strong></span> <span class='ocrx_word' id='word_1_428' title='bbox 694 4079 746 4129; x_wconf 92' lang='lat' dir='ltr'><strong>ritu</strong></span> <span class='ocrx_word' id='word_1_429' title='bbox 757 4080 796 4129; x_wconf 89' lang='lat' dir='ltr'><strong>sui</strong></span> <span class='ocrx_word' id='word_1_430' title='bbox 808 4080 858 4129; x_wconf 71' lang='lat' dir='ltr'><strong>avi</strong></span> <span class='ocrx_word' id='word_1_431' title='bbox 869 4079 928 4140; x_wconf 87' lang='lat' dir='ltr'><strong>Dio,</strong></span> <span class='ocrx_word' id='word_1_432' title='bbox 940 4095 1017 4145; x_wconf 88' lang='lat' dir='ltr'><strong>quam</strong></span> <span class='ocrx_word' id='word_1_433' title='bbox 1030 4079 1152 4143; x_wconf 77' lang='lat' dir='ltr'><strong>Augusti.</strong></span> <span class='ocrx_word' id='word_1_434' title='bbox 1186 4079 1265 4128; x_wconf 88' lang='lat' dir='ltr'><strong>Certe</strong></span> <span class='ocrx_word' id='word_1_435' title='bbox 1279 4093 1296 4129; x_wconf 83' lang='lat' dir='ltr'><strong>a</strong></span> 
     </span>
     <span class='ocr_line' id='line_1_44' title="bbox 181 4148 1296 4225; baseline 0.008 -25"><span class='ocrx_word' id='word_1_436' title='bbox 181 4148 281 4202; x_wconf 78' lang='lat' dir='ltr'><strong>Senatu</strong></span> <span class='ocrx_word' id='word_1_437' title='bbox 292 4151 327 4202; x_wconf 84' lang='lat' dir='ltr'><strong>ad</strong></span> <span class='ocrx_word' id='word_1_438' title='bbox 347 4153 498 4220; x_wconf 86' lang='lat' dir='ltr'><strong>Principem</strong></span> <span class='ocrx_word' id='word_1_439' title='bbox 515 4158 672 4222; x_wconf 75' lang='lat' dir='ltr'><strong>appetissem</strong></span> <span class='ocrx_word' id='word_1_440' title='bbox 691 4159 789 4210; x_wconf 88' lang='lat' dir='ltr'><strong>Tiberii</strong></span> <span class='ocrx_word' id='word_1_441' title='bbox 809 4162 927 4225; x_wconf 86' lang='lat' dir='ltr'><strong>imperio,</strong></span> <span class='ocrx_word' id='word_1_442' title='bbox 946 4168 1006 4211; x_wconf 78' lang='lat' dir='ltr'><strong>siunt</strong></span> <span class='ocrx_word' id='word_1_443' title='bbox 1025 4161 1147 4225; x_wconf 85' lang='lat' dir='ltr'><strong>exempla</strong></span> <span class='ocrx_word' id='word_1_444' title='bbox 1164 4160 1190 4209; x_wconf 87' lang='lat' dir='ltr'><strong>iu</strong></span> <span class='ocrx_word' id='word_1_445' title='bbox 1208 4166 1296 4209; x_wconf 83' lang='lat' dir='ltr'><strong>nostro</strong></span> 
     </span>
     <span class='ocr_line' id='line_1_45' title="bbox 183 4236 1296 4310; baseline 0.005 -24"><span class='ocrx_word' id='word_1_446' title='bbox 183 4236 327 4301; x_wconf 85' lang='lat' dir='ltr'><strong>scriptore:</strong></span> <span class='ocrx_word' id='word_1_447' title='bbox 344 4243 375 4288; x_wconf 87' lang='lat' dir='ltr'><strong>ut</strong></span> <span class='ocrx_word' id='word_1_448' title='bbox 386 4239 452 4291; x_wconf 81' lang='lat' dir='ltr'><strong>lav.</strong></span> <span class='ocrx_word' id='word_1_449' title='bbox 467 4239 476 4268; x_wconf 87' lang='lat'>‘</span> <span class='ocrx_word' id='word_1_450' title='bbox 489 4237 573 4307; x_wconf 84' lang='lat' dir='ltr'><strong>iisque</strong></span> <span class='ocrx_word' id='word_1_451' title='bbox 582 4239 740 4296; x_wconf 85' lang='lat' dir='ltr'><strong>instantibus</strong></span> <span class='ocrx_word' id='word_1_452' title='bbox 752 4243 785 4293; x_wconf 88' lang='lat' dir='ltr'><strong>ad</strong></span> <span class='ocrx_word' id='word_1_453' title='bbox 795 4242 984 4310; x_wconf 87' lang='lat' dir='ltr'><strong>Imperatorem</strong></span> <span class='ocrx_word' id='word_1_454' title='bbox 994 4242 1147 4307; x_wconf 83' lang='lat' dir='ltr'><strong>provocavit</strong></span> <span class='ocrx_word' id='word_1_455' title='bbox 1156 4241 1173 4294; x_wconf 70' lang='grc' dir='ltr'><strong>ε’</strong></span> <span class='ocrx_word' id='word_1_456' title='bbox 1188 4249 1217 4292; x_wconf 91' lang='lat' dir='ltr'><strong>et</strong></span> <span class='ocrx_word' id='word_1_457' title='bbox 1225 4240 1296 4292; x_wconf 85' lang='lat' dir='ltr'><strong>alibi.</strong></span> 
     </span>
    </p>
   </div>
   <div class='ocr_carea' id='block_1_9' title="bbox 0 0 1537 4950">
    <p class='ocr_par' dir='ltr' id='par_1_9' title="bbox 0 0 1537 4950">
     <span class='ocr_line' id='line_1_46' title="bbox 0 0 1537 4950; baseline 0 0"><span class='ocrx_word' id='word_1_458' title='bbox 0 0 1537 4950; x_wconf 95' lang='lat' dir='ltr'><strong> </strong></span> 
     </span>
    </p>
   </div>
  </div>
 </body>
</html>
