3042 4950
274 387 363 455 4542
495 402 695 454 nsonnsus
717 404 888 463 conicurr
912 407 947 456 c.
970 407 1003 459 c.
1026 407 1155 459 rrcrrr

276 559 313 626 in
326 559 434 626 lucem
457 558 661 644 prodienrnt,
684 559 740 644 qni
761 579 822 645 per
844 560 950 626 multa
964 560 1103 641 seecnh,
1126 561 1222 646 qnasi
1240 564 1385 652 eclipsin

275 665 385 749 passi,
407 664 638 747 expalluerunt
658 669 692 729 et
710 670 926 742 evanuerunt,
950 665 1049 748 plane
1067 665 1264 749 indicantes,
1285 689 1385 754 quam

276 769 465 855 pronihilo
501 769 554 832 vel
591 768 710 835 saltem
734 768 856 834 minori
889 787 990 856 quam
1023 789 1222 861 pergamena
1238 792 1308 919 qua
1327 774 1386 840 de·

277 874 392 958 scripti
407 872 547 952 fuerant,
572 872 726 938 aestimati
739 871 872 938 fuerint.

320 977 483 1044 Codicum
504 977 712 1064 quorundam
736 978 953 1055 classicorum
978 980 1148 1067 paucitas,
1168 954 1312 1068 qnorum
1332 987 1386 1050 ta·

275 1102 352 1149 rnen
364 1082 527 1148 editiones
541 1080 751 1167 possidemus
766 1081 981 1165 abundanter,
995 1084 1161 1150 neminem
1175 1086 1269 1153 latet
1315 1086 1385 1153 Mi-

275 1187 366 1252 nime
388 1207 469 1257 vero
491 1187 657 1269 Tacitum,
689 1188 899 1276 scriptorem,
928 1189 973 1255 ob
996 1190 1131 1258 virtutis
1153 1194 1187 1255 et
1217 1191 1385 1259 libertatis

276 1312 436 1370 amorem,
459 1299 562 1378 atquc
587 1293 824 1357 sententiarum
838 1292 1100 1378 profunditatem
1114 1300 1149 1361 et
1163 1293 1384 1379 majestatem,

276 1418 392 1467 omues
416 1405 491 1465 ante
520 1398 662 1463 Latinos
686 1397 882 1478 mirandum,
909 1398 974 1465 irae
998 1399 1203 1465 obscuritate
1229 1399 1384 1467 obtutuum

275 1522 351 1568 esse
393 1508 661 1588 expectaremus,
697 1502 762 1567 nisi
804 1501 921 1568 forsan
958 1502 1256 1582 consideraremus
1294 1501 1384 1571 iden

274 1606 449 1695 AEscbylo,
471 1605 667 1672 Graecorum
686 1606 911 1690 tragoedorum
927 1605 1018 1685 duci,
1040 1611 1075 1672 et
1097 1607 1199 1672 etiam
1219 1603 1400 1686 Homero,x

273 1710 451 1799 po‘e'tarum
465 1713 611 1778 omniurn
624 1712 781 1796 principi,
803 1712 1002 1795 contigisse:
1024 1716 1061 1777 et·
1079 1709 1267 1777 melrerorde
1275 1706 1383 1778 hamt

272 1817 326 1890 nis
342 1816 509 1900 ingenium
525 1816 641 1882 sedulo
654 1814 868 1933 perpendenti
882 1815 971 1883 idem
984 1812 1145 1884 lriatorico
1159 1813 1211 1879 illi
1234 1815 1384 1882 celeber·
1383 1841 1387 1847 ’

274 1920 359 1987 rimo
374 1919 543 1985 accidisse
556 1938 623 1985 non
637 1919 756 1985 mirum
772 1917 951 1985 videbitur
1232 1948 1235 1953 ⁴
1383 1944 1388 1951 ·

317 2022 451 2088 Horum
466 2042 618 2100 casuum,
641 2022 883 2103 discriminum,
905 2029 939 2088 et
961 2022 1129 2107 lapsuum,
1153 1968 1383 2092 literatistam

273 2126 512 2207 deflendorum,
535 2136 648 2194 causae
665 2132 742 2194 sunt
764 2128 977 2214 multiplices,
999 2147 1140 2213 quarum
1161 2129 1244 2194 inter
1257 2128 1385 2213 prima·
1504 2182 1505 2185 ,

272 2231 341 2299 tias
354 2231 417 2299 fuit
429 2224 649 2317 proculdubio
669 2231 743 2296 dira
756 2232 817 2297 illa
830 2237 979 2297 veterum
995 2230 1133 2298 duaruin
1146 2232 1262 2315 magui
1276 2231 1381 2298 nomi4

272 2332 327 2399 nis
351 2334 651 2412 Bibliothecarum,
674 2332 1061 2420 Constantinopolitanae
1076 2342 1112 2400 et
1126 2332 1379 2415 Alexandrinae,

271 2438 417 2506 flammis
430 2437 676 2518 devorantibus
691 2437 800 2503 ruina.
845 2436 914 2504 His
927 2437 1041 2505 causis
1055 2437 1277 2526 adjicerentur
1290 2438 1380 2518 alite3
1503 2507 1504 2516 ,

272 2544 396 2630 quibus
421 2564 501 2610 vero
523 2544 625 2609 etiam
648 2543 893 2628 praetermissis,
918 2549 1099 2629 supersunt
1119 2561 1198 2628 quae
1213 2562 1283 2608 rem
1295 2544 1380 2610 diln-

271 2648 533 2733 cidarepossint.
553 2647 764 2731 Superstitio,
776 2645 1265 2730 somnolentiaetignorantia,
1276 2646 1379 2714 immo

269 2752 347 2838 ipsa
367 2752 478 2817 studia
500 2753 809 2837 occupationesque
836 2752 1098 2818 monasticorum
1122 2748 1289 2816 interioris
1315 2750 1380 2819 uui
1500 2751 1502 2796 l

271 2854 335 2919 has
363 2856 450 2921 inter
486 2874 609 2920 causas
635 2857 787 2940 inprimis
817 2854 1075 2921 annumerandae
1098 2859 1186 2920 sunt.
1234 2851 1380 2939 Quippe
1499 2881 1501 2914 i

270 2956 419 3023 homines
447 2956 589 3043 hujusce
611 2957 730 3022 farinae
755 2956 888 3023 soboles
913 2959 1079 3043 regebant·
1097 2959 1225 3038 omnes,
1242 2961 1379 3026 omae
1499 2961 1500 2966 ’

269 3061 337 3128 t'ere
359 3062 499 3147 publica
512 3062 629 3126 munia
644 3062 879 3147 ¹occupabant3
902 3068 1002 3149 atque
1024 3064 1097 3131 suis
1120 3071 1260 3148 semper*
1276 3060 1377 3128 nimis

268 3164 490 3247 indulgentes,
523 3164 655 3248 poetas,
686 3183 828 3248 qnorum
856 3184 966 3231 mores
994 3167 1106 3234 minus
1134 3167 1378 3252 approbabant
1497 3185 1498 3192 ’

269 3273 303 3333 et
325 3268 512 3346 historicos,
536 3286 678 3352 quorum
700 3268 827 3352 scripta
854 3287 921 3333 non
945 3269 1179 3352 intelligebant,
1202 3268 1286 3354 quid
1318 3268 1378 3335 rui·¹

268 3392 354 3453 urm,
377 3370 419 3453 si,
447 3371 549 3437 modo
578 3391 645 3437 non
670 3371 905 3456 disperderent,
928 3373 1020 3458 quod
1039 3377 1151 3448 tamen
1176 3372 1291 3458 ipsum
1311 3391 1378 3440 non

268 3496 343 3546 raro
368 3479 442 3544 ausi
471 3483 561 3556 sunt,
594 3479 819 3562 negligerent?
864 3480 976 3563 Nugis
1000 3481 1143 3557 canoris,
1164 3480 1376 3546 historiarum
1494 3477 1495 3500 ¹

267 3583 421 3661 somniis,
444 3602 551 3668 usque
571 3580 616 3647 ad
629 3581 802 3647 fastidium
817 3583 1052 3663 allaborantes,
1075 3581 1221 3650 Graecas
1237 3588 1271 3648 et
1285 3581 1376 3648 Lati·

265 3705 329 3752 nas
345 3686 525 3770 elegantias
540 3685 595 3751 vel
608 3705 670 3770 pro
684 3685 788 3751 nihilo
802 3686 857 3751 vel
871 3706 932 3770 pro
945 3684 1097 3769 profanis
1111 3685 1289 3770 putabant.

309 3789 363 3853 De
383 3789 437 3852 his
460 3809 547 3866 vero,
562 3789 662 3853 rebus
683 3788 857 3873 copiosius
881 3787 1041 3872 disserere
1059 3788 1318 3873 relinquendum
1326 3795 1373 3860 est

264 3890 373 3956 aliis·
399 3890 499 3970 Quod
515 3892 558 3957 ad
582 3891 740 3957 Tacitum
762 3890 913 3975 pertinet,
936 3889 1047 3975 eujus,
1069 3896 1107 3956 ut
1123 3890 1197 3976 jam
1217 3891 1373 3972 diximus,

265 3992 399 4058 codices
412 3993 509 4059 valde
531 3995 597 4059 rari
616 4000 703 4075 sunt,
724 3994 842 4059 eadem
856 3992 1036 4059 infortunia
1049 4012 1126 4081 quae
1142 4000 1272 4080 ceteros
1286 3995 1373 4062 class

264 4096 356 4162 sicos
369 4099 423 4163 vel
447 4083 692 4176 destruxerant,
714 4097 770 4162 vel
784 4096 1081 4178 obumbraverant,
1099 4096 1153 4163 vel
1176 4096 1370 4183 demrpave-

264 4202 347 4277 runt,
369 4200 464 4265 illum
488 4198 719 4283 proculdubio.
731 4204 1006 4285 suppresserunt:
1030 4199 1226 4283 etquidem,
1246 4200 1370 4286 utopie

263 4321 391 4384 namur,
414 4303 463 4370 illi
477 4302 636 4371 historico
652 4302 808 4389 quaedam
821 4302 930 4392 magis
953 4301 1098 4395 propria.
1144 4301 1225 4390 Quo
1247 4302 1374 4396 ίιιιξιιιιι.
