3042 4950
485 304 498 337 Ι

505 389 545 439 sn
571 388 644 439 nra.
668 390 718 436 ιν.
741 388 961 438 usnemun.
1197 372 1284 438 448)

255 838 259 843 ·
305 784 594 923 excussus
618 848 697 921 nn
730 849 933 924 anuas.
963 848 1071 922 nra.
1095 849 1165 922 rr.

719 1072 839 1122 Α,,

180 1208 186 1215 “
215 1204 284 1255 Cse.
295 1207 336 1254 42.
350 1204 465 1254 Rouunr
476 1194 544 1267 iege,
553 1209 671 1251 matrona
680 1203 792 1252 adulteri
804 1196 858 1262 rea,
866 1203 959 1253 marito
971 1204 1093 1267 permissa
1105 1201 1281 1268 cognatisque.

180 1284 214 1348 Ii,
225 1286 265 1335 nti
278 1286 371 1347 visum,
383 1285 540 1346 manabant,
551 1283 703 1348 puniebant.
729 1285 779 1334 Sed
793 1293 912 1335 utrumne
924 1286 1022 1335 morte?
1046 1285 1124 1347 Puto,
1135 1283 1282 1334 verecunde

108 1411 110 1414 Α
184 1375 280 1416 contra
292 1366 373 1416 virum
385 1367 498 1427 doctum,
511 1366 623 1415 licuisse.
657 1367 696 1414 Ex
708 1367 840 1430 Dionysio,
860 1369 902 1432 qui
922 1369 981 1431 lege
1003 1368 1074 1430 regia
1085 1367 1204 1416 maritum
1221 1379 1281 1415 con·

179 1444 268 1499 stituit
278 1446 356 1513 κύριον
366 1449 410 1496 τοῦ
419 1442 533 1509 μεγέθους
549 1448 592 1505 τῆς
602 1446 717 1511 τιμωρίας,
728 1447 845 1497 arbitrum
862 1449 1034 1510 magnitudinis
1050 1464 1132 1512 pensa.
1166 1449 1204 1497 Ex
1220 1447 1281 1510 jure

177 1532 254 1595 ipso:
273 1532 334 1595 quia
345 1531 437 1580 mulier
446 1545 503 1594 quae
520 1532 597 1593 juxta
608 1538 724 1579 sacratas
737 1530 921 1593 Romuiiieges
934 1537 1025 1594 nupta,
1039 1530 1076 1579 ita
1094 1530 1119 1577 in
1137 1544 1213 1577 manu
1225 1529 1282 1593 riri,

178 1620 209 1663 ut
222 1614 308 1676 proies
318 1613 344 1660 in
355 1612 445 1676 patris.
478 1613 518 1660 Ex
529 1609 639 1660 Tacito:
658 1611 813 1675 apudquem
830 1610 979 1673 ‘Ptarrtius,
995 1612 1080 1675 prisco
1098 1610 1228 1672 instituto,
1247 1610 1279 1658 de

178 1694 267 1758 eapite
278 1693 398 1759 famaque
410 1693 537 1757 conjugis,
548 1692 698 1758 propinquis
709 1686 946 1757 coram‚cognorit‚
957 1699 985 1742 et
997 1694 1124 1741 insontem
1137 1690 1282 1741 nuntiarit?

178 1774 233 1837 Ait,
246 1776 450 1839 ccpitefamaque.
482 1775 511 1824 Si
523 1775 549 1823 in
561 1773 753 1838 superstitionis
764 1775 870 1824 crImine
883 1775 975 1824 marite
986 1773 1013 1822 id
1021 1775 1097 1838 juris,
1114 1773 1192 1824 credo
1211 1780 1239 1822 et
1252 1771 1280 1821 in

177 1857 312 1906 adulterii.
344 1858 375 1906 In
388 1871 431 1906 eas
443 1872 500 1922 qnae
513 1857 594 1906 sacris
607 1856 807 1906 Bacchanalium
819 1857 921 1906 incestu
938 1871 1000 1914 usa,
1021 1856 1126 1919 cognati
1142 1855 1280 1919 maritique

177 1938 247 1988 intra
259 1937 347 1989 domos
360 1939 610 2002 animadverterunt,
630 1940 703 1989 aiunt
713 1939 801 1989 Livius
810 1945 838 1988 et
848 1939 979 1987 Valerius:
998 1953 1047 1987 nec
1059 1937 1158 2001 dubito,
1178 1936 1238 2002 quin
1249 1950 1279 1985 ea

178 2018 364 2068 animadversio
385 2020 417 2068 ad
433 2026 514 2083 caput
532 2021 695 2083 pertinuerit.
729 2021 850 2084 Denique
870 2019 996 2083 Egnatius
1014 2020 1141 2083 quispiam
1160 2032 1278 2081 uxorem,

177 2101 247 2165 quod
259 2100 346 2150 viuum
357 2101 473 2164 bibisset,
485 2100 547 2150 fusti
556 2102 701 2163 interemit,
713 2100 791 2165 idque
802 2100 900 2151 factum
911 2115 962 2149 non
974 2101 1049 2149 modo
1062 2106 1222 2163 accrrsatore,
1232 2098 1279 2150 sed

177 2181 257 2231 etiam
270 2183 456 2247 reprehensore
468 2183 566 2232 cartrit:
585 2182 672 2249 quidni
690 2182 766 2232 idem*
774 2183 840 2247 juris
852 2183 878 2231 in
889 2182 1001 2245 graviori
1016 2184 1093 2246 culpa
1111 2182 1160 2231 sit?
1193 2180 1279 2245 Argu·
1347 2192 1350 2195 ’

175 2270 291 2313 mentum
304 2280 319 2313 a
331 2265 431 2314 Catone
442 2279 493 2329 non
505 2271 602 2328 petam,
619 2265 663 2329 qui
682 2264 734 2314 ait:
754 2265 804 2314 ‘In
821 2264 948 2314 adulterio
965 2280 1072 2315 sanorem
1089 2273 1160 2315 tuam
1180 2264 1201 2313 si
1219 2278 1277 2328 pre-

176 2343 320 2410 hendisses,
340 2345 445 2411 impune
457 2360 564 2395 necares
575 2346 591 2408 ς’
609 2361 701 2395 vanum
713 2346 798 2407 enim;
816 2353 842 2396 et
855 2347 985 2411 pertinere
1004 2353 1104 2396 tanturn
1122 2346 1226 2395 videtur
1245 2344 1278 2394 ad

175 2427 373 2492 deprehensam.
413 2429 512 2480 Tamen
529 2430 578 2480 hoc
597 2428 691 2493 fateor,
711 2444 743 2479 eo
761 2444 850 2479 severo
865 2430 926 2495 jure
946 2443 1071 2495 perquam
1091 2443 1150 2478 raro
1169 2427 1277 2477 maritos

174 2524 250 2560 usos:
267 2511 434 2577 moribusque
446 2517 580 2576 receptum
591 2512 703 2574 ridetur,
719 2518 748 2560 ut
759 2510 903 2560 aduiteram
915 2510 983 2574 apud
995 2517 1119 2573 cognatos
1132 2510 1277 2560 convictam

173 2592 251 2641 domo
263 2594 355 2650 saitem
368 2595 513 2658 exigerent,
531 2594 725 2657 multarentque
735 2592 806 2643 dote.
840 2592 872 2641 Id
887 2593 931 2656 jus
944 2591 1012 2657 (sive
1024 2607 1077 2641 mos
1087 2590 1149 2654 fuit)
1165 2590 1276 2641 Plautus

173 2673 275 2724 indicat
294 2675 501 2740 Amphitruone:
519 2677 607 2730 ‘Quid
619 2677 640 2726 si
654 2675 755 2725 adduco
773 2683 845 2724 tuum
867 2678 1006 2739 cognatum
1024 2675 1075 2721 huc
1094 2688 1109 2720 a
1126 2673 1185 2721 nari
1205 2673 1276 2722 Nau·

173 2763 286 2820 cratem,
299 2759 351 2812 Qui
363 2774 463 2809 rnecnm
476 2774 526 2809 rina
538 2766 616 2809 vectu
628 2758 671 2821 at,
680 2773 731 2808 nna
741 2758 817 2806 navi?
835 2765 914 2822 atque
927 2757 947 2804 is
960 2757 981 2805 si
994 2755 1106 2819 denegat
1118 2756 1209 2817 Facta,
1219 2769 1277 2820 quaa

174 2845 203 2887 tu
216 2838 289 2889 facta
301 2840 376 2900 dicis,
389 2841 451 2906 quid
466 2840 514 2890 tibi
527 2837 629 2907 aeqrrrrrn
641 2847 682 2891 est
692 2839 749 2889 fieri
762 2840 772 2889 i
805 2837 938 2903 Numquid
951 2851 1064 2887 caussam
1076 2835 1150 2898 dicis,
1169 2835 1231 2900 quin
1251 2844 1279 2887 te

173 2919 221 2970 hoc
232 2921 339 2971 metten
351 2923 515 2971 matrimonio
526 2922 543 2970 ?'
578 2923 612 2971 Et
633 2921 775 2985 respondet
792 2921 894 2983 mrriier,
909 2919 953 2970 ‘st
970 2918 1076 2984 deliqui,
1098 2919 1169 2967 nnila
1186 2933 1278 2970 caussa

173 3002 231 3052 est!
265 3003 301 3052 Et
315 3004 383 3053 clare
401 3005 520 3054 Valerius
532 3004 577 3053 lib.
592 3019 655 3055 vui.
673 3020 732 3069 cap.
743 3009 768 3053 2.
796 3004 883 3054 ‘Cum
905 3003 934 3052 C.
956 3002 1066 3051 Titinius
1088 3001 1276 3051 Minturnensis

172 3084 300 3134 Fanniam
312 3099 425 3150 uxorem,
436 3101 512 3151 quarn
525 3083 683 3149 impudicam
701 3086 734 3135 de
758 3085 887 3135 industria
899 3083 1019 3146 drrxerat,
1039 3098 1070 3133 eo
1081 3083 1188 3133 crimine
1199 3098 1276 3147 repu·

173 3164 270 3214 dietam
283 3167 394 3230 spoliare
405 3168 466 3216 dote
477 3173 632 3217 conaretur.'
664 3168 769 3217 Pertius
782 3169 872 3229 Latro,
891 3173 984 3216 contra
1000 3164 1160 3214 aduiteram:
1178 3164 1278 3227 ‘litua

165 3246 282 3310 jndices,
292 3248 353 3297 mihi
366 3255 495 3302 tormento
506 3256 557 3313 est,
569 3249 638 3314 quod
651 3256 740 3300 notata
748 3248 968 3314 judiciaverunt
979 3246 1179 3311 multiplicatam
1190 3245 1278 3297 dotem

171 3328 284 3391 perdat;
302 3330 359 3394 plus
377 3337 464 3379 tamen
482 3345 515 3379 ex
534 3337 635 3396 quaestu
655 3330 744 3392 babet,
767 3332 825 3395 pius
842 3330 963 3380 habitura
984 3336 1032 3393 est,
1054 3345 1129 3393 qnam
1151 3337 1277 3394 qnantum

170 3400 302 3461 dimnatre
323 3411 483 3475 perdendum
505 3411 563 3462 est.’
596 3413 663 3462 Haec
686 3412 832 3477 antiquitus
852 3411 995 3462 obtinuisse
1016 3411 1154 3461 videntur:
1183 3411 1275 3476 quibus

172 3490 257 3541 addo:
275 3491 400 3541 Simariti
412 3494 568 3559 cognatique
579 3492 787 3557 dissimulabant,
798 3500 852 3557 aut,
862 3500 892 3544 ut
904 3494 970 3568 privii
982 3481 1151 3557 verbis'ntar,
1166 3493 1274 3543 idoneus

170 3573 199 3622 in
210 3572 314 3635 privato
335 3574 458 3637 supplicii
476 3582 584 3625 exactor
602 3590 678 3625 nemo
698 3582 770 3635 erat;
790 3590 841 3626 non
859 3590 928 3638 raro,
947 3575 1051 3640 publico
1066 3574 1175 3639 judicio,
1191 3588 1277 3637 perse·

170 3653 299 3718 quebatur
309 3653 336 3701 id
353 3655 450 3703 crimen
459 3656 634 3719 magistratus.
669 3658 703 3707 Et
723 3658 870 3720 praesertim
881 3657 989 3707 AEdilis:
1007 3671 1037 3706 ac
1058 3656 1191 3705 damnatos
1203 3654 1273 3705 dam·

169 3741 297 3798 natasque
318 3735 386 3798 apud
405 3736 527 3800 populum
548 3737 651 3801 reperio
669 3738 818 3801 pecuniaria
837 3738 928 3798 muita,
949 3737 999 3785 imo
1021 3736 1112 3785 exsilio
1133 3735 1273 3787 interdum.

168 3816 301 3881 Exempla
320 3817 416 3866 adduxi
436 3833 522 3882 supra,
538 3819 571 3868 de
582 3817 703 3869 Vistilia:
722 3824 750 3867 et
760 3833 829 3868 nnuc
840 3833 891 3868 non
910 3832 1017 3882 repono.
1050 3817 1127 3867 Adde
1134 3822 1154 3867 'e
1169 3817 1274 3868 Valerio

170 3897 262 3948 decu.
274 3899 367 3961 Sergio
383 3898 447 3962 Silo,
462 3900 524 3949 ‘cui
535 3899 720 3963 promissorum
736 3898 918 3949 matrifamiliae
941 3914 1101 3949 nummorum
1116 3898 1199 3964 gratia
1218 3899 1274 3949 dies

170 3978 340 4043 adpopulum
353 3980 434 4043 dicta,
445 3980 648 4046 damnatosque.'
682 3981 740 4031 lib.
758 3996 798 4032 vr.
814 3982 873 4031 Nec
895 3981 972 4044 ptura
993 3982 1094 4045 reperio
1110 3983 1197 4046 priseo
1208 3996 1275 4031 raro.

168 4059 304 4112 Lexdoiia
316 4068 407 4112 secute
417 4069 467 4124 est,
478 4060 581 4120 ferente
590 4062 718 4127 Augusto.
751 4063 834 4111 Prena
845 4061 900 4126 ejus
912 4062 939 4111 in
951 4062 1079 4112 rohrmine
1089 4062 1272 4126 Digestorum,

169 4142 237 4206 quod
249 4143 382 4207 miremur,
398 4158 450 4193 non
460 4141 600 4209 expressa:
618 4152 645 4194 et
656 4145 715 4194 ideo
733 4160 830 4195 serram
841 4144 910 4194 inter
919 4159 946 4194 se
957 4146 1125 4208 reciprocant
1135 4145 1183 4194 riri
1191 4144 1272 4196 docti.

169 4223 382 4296 Capitaiemeam
394 4223 474 4275 fuisse
494 4227 582 4291 piures
604 4235 750 4288 senserunt,
768 4227 979 4292 deterioresque:
998 4226 1195 4289 Relegatiouem
1215 4232 1272 4275 tau·

168 4312 231 4371 tum,
251 4306 331 4371 pauci
349 4304 469 4372 bonique.
502 4310 538 4359 Et
548 4310 636 4361 hercle
648 4325 699 4361 non
717 4308 768 4360 fuit
789 4324 867 4360 mors.
901 4310 941 4358 Ex
961 4308 1045 4366 Taciti
1056 4307 1140 4357 verbis
1151 4307 1216 4357 iibro
1227 4319 1271 4358 ut.
