3042 4950
513 400 719 455 ’00000000
742 400 1015 456 0000100100.
1193 378 1281 463 10111

177 557 276 655 01110;
297 578 373 646 qnae
389 579 503 627 omnes
518 567 701 648 sequuntur
716 566 845 628 textum
868 564 1033 631 Bnotierii.
1077 562 1190 630 Editio
1204 563 1281 648 ipsa

171 665 390 731 -Brotieriana
397 667 538 751 repetita
551 670 623 732 erat
634 667 743 732 Paris.
758 666 977 734 7vol.12mo.
990 666 1087 734 1776.
1122 667 1281 735 Νο01001·ί

176 789 253 835 mas
267 770 424 836 Brotierii
437 776 471 837 ct
480 769 630 836 Obcrlini
644 790 719 836 esse
733 770 880 854 optimas
893 769 1005 836 Taciti
1019 770 1180 839 editiones
1189 770 1281 837 docti

176 874 387 940 consentiunt
406 872 465 959 (de
479 873 688 958 Rupertiana
708 872 818 939 adbuc
839 874 1011 939 recentiori
1033 875 1114 939 nihil
1138 875 1193 940 hic
1212 873 1281 940 loci

176 976 348 1058 dicimus,)
360 978 419 1044 sed
432 998 545 1065 earum
556 998 634 1063 quae
647 978 691 1043 sit
702 980 912 1062 praestantior
925 997 992 1042 non
1001 977 1089 1042 idem
1099 977 1280 1062 judicium

176 1079 356 1147 Harlesins
364 1082 754 1149 dicituovissimamedit.
765 1083 927 1168 optimam
937 1100 1012 1147 esse
1021 1066 1152 1147 tertiam
1161 1081 1281 1146 Ernes-

154 1174 157 1177 ’
174 1184 301 1251 tianam
311 1186 407 1252 1792.
417 1185 558 1274 (editam
573 1192 650 1272 post
659 1188 827 1265 Brotierii,
837 1187 934 1252 1771.
948 1193 982 1252 01
993 1186 1103 1265 1776.)
1112 1185 1282 1270 Bipontini

174 1288 218 1353 de
231 1286 440 1357 Brotieriana
452 1291 589 1357 dicunt:
611 1292 709 1377 (Vid.
724 1293 858 1376 Bipont.
873 1289 1061 1356 Recensum
1076 1288 1279 1366 Editionum,

173 1396 214 1457 ut
227 1392 347 1478 supra)
359 1393 506 1460 ‘Omnes
522 1395 686 1477 elegantia
699 1399 833 1479 superat
844 1415 853 1475 3
874 1393 965 1458 hand
978 1398 1087 1458 100100
1098 1413 1139 1457 00
1152 1390 1282 1457 deside·

173 1494 311 1560 rabilior
338 1495 431 1563 facta
463 1497 531 1562 nisi
555 1498 599 1562 iis
624 1497 748 1582 quibus
778 1495 906 1562 divitiae
931 1495 1117 1562 abundant:
1152 1500 1281 1559 textum

174 1598 318 1679 subinde
331 1605 440 1665 mutat
453 1600 647 1665 audentius?
679 1599 865 1683 Rupertius
880 1600 992 1678 etiam,
1006 1598 1043 1663 iu
1058 1596 1230 1663 Prooemio
1244 1596 1281 1661 in

170 1701 335 1767 Tacitum
359 1726 394 1789 p.
420 1706 475 1770 30.
506 1704 647 1770 eundem
670 1703 880 1770 commendat
898 1722 1012 1789 parce,
1043 1702 1146 1767 immo
1168 1701 1281 1785 culpat

173 1807 326 1891 prodige.
373 1808 450 1873 Has
459 1809 536 1874 lites
545 1815 746 1894 componant
760 1827 901 1892 quorum
912 1807 1086 1891 provincia
1098 1808 1161 1868 est.
1198 1804 1281 1868 Bro-

175 1909 274 1975 tierio
298 1912 418 1976 saltem
439 1911 531 1977 laudi
554 1914 608 1991 sit,
631 1912 744 1977 Taciti
758 1910 926 1996 deperdita
940 1929 1002 1974 sno
1023 1907 1169 1993 periculo
1183 1906 1282 1972 docta

176 2014 367 2098 supplesse,
397 2016 493 2081 libris
515 2016 705 2101 interjectis,
720 2015 834 2081 Taciti
854 2016 931 2081 vice
947 2012 1117 2096 fungenti3
1139 2016 1281 2096 010000-

174 2115 268 2202 dam,
291 2119 334 2183 de
359 2120 482 2203 quibus
506 2120 606 2203 longa
627 2119 734 2184 fuerat
756 2119 996 2197 controversia,
1019 2120 1117 2193 recte,
1138 2118 1177 2180 01
1191 2112 1281 2182 docti

175 2226 306 2305 putant,
320 2223 455 2289 tandem
467 2223 589 2289 Tacito
604 2222 830 2307 adjudicasse.
1240 2238 1245 2243 ·

221 2322 332 2409 Opere
354 2325 448 2413 110.
460 2324 612 2391 Cornelio
626 2325 747 2391 Tacito
762 2325 903 2391 tradotte
915 2325 950 2389 in
963 2324 1081 2407 vulgar
1092 2315 1281 2388 Florentino

175 2427 222 2492 da
248 2428 414 2514 Bernardo
438 2429 638 2509 Davanzati,
665 2450 729 2495 con
756 2430 985 2515 supplementi
1014 2448 1035 2492 a
1060 2427 1181 2492 Tacito
1206 2419 1282 2489 dell'

176 2528 314 2597 Abbate
338 2532 497 2599 Gabriele
510 2534 650 2612 Brotier,
666 2532 742 2597 dell'
757 2531 942 2598 Academia
957 2530 1041 2595 delle
1063 2527 1235 2594 lscririoni
1248 2530 1282 2589 et

175 2637 271 2702 Belle
286 2637 426 2703 Lettere.
471 2635 534 2702 Col
549 2641 634 2702 testo
650 2636 769 2701 Latino
785 2656 806 2701 a
820 2636 926 2700 fronti.
953 2633 1051 2699 1780.
1075 2633 1142 2697 ito.
1166 2631 1283 2694 atem.

167 2739 268 2805 Haec
282 2747 335 2805 est
364 2741 548 2805 novissima
571 2739 674 2804 editio
697 2738 860 2804 versionis
886 2735 1099 2813 Davanzatii,
1121 2739 1155 2798 et
1178 2734 1282 2797 multo

168 2842 382 2909 emendatior
397 2842 673 2928 praecedentibus.
703 2841 827 2906 Versio
837 2839 956 2905 Italica
969 2836 1124 2904 Brotierii
1138 2836 1284 2919 Supple-

176 2951 359 3011 mentorum
372 2965 438 3011 non
447 2952 498 3011 est
508 2945 718 3024 Daranzatii,
729 2943 788 3009 sed
798 2942 842 3009 ad
854 2942 977 3028 stylum
987 2940 1060 3025 ejus
1073 2959 1094 3004 a
1108 2938 1285 3024 Raphaele

167 3049 322 3115 docmata
336 3057 369 3116 et
382 3051 589 3116 concinnata.
726 3095 730 3102 ·

220 3152 303 3219 Vita
326 3152 505 3237 Agricolae,
531 3154 609 3220 8vo.
631 3154 653 3219 2
678 3155 756 3217 tom.
788 3151 889 3217 Halae
918 3149 1015 3230 1781.
1035 3168 1058 3213 a
1082 3143 1283 3211 Can-Fred.

167 3257 350 3323 Babrdtio.
1326 3305 1336 3314 ,

222 3360 262 3427 G.
288 3360 329 3426 C.
353 3361 466 3428 Taciti
491 3359 604 3445 Opera
632 3359 674 3423 ad
698 3358 797 3422 fidem
825 3355 990 3421 Editionis
1013 3353 1185 3419 Parisinae·
1198 3349 1284 3416 Gab.

168 3464 495 3548 ·Brotierexpressit,
516 3464 649 3528 selectis
672 3462 849 3526 Variorum
864 3466 900 3524 et
922 3460 1019 3524 00010
1027 3457 1159 3539 ‘aliquot
1184 3452 1286 3518 Notis

177 3552 1033 3633 10000101000010110Αο01100100011100110011100.
1049 3559 1165 3636 Stoclr,
1180 3557 1224 3621 D.
1240 3555 1286 3619 D.

171 3672 270 3738 Trio.
285 3670 372 3736 Coll.
396 3671 488 3735 Dub.
511 3670 593 3734 olim
607 3669 737 3745 Socius,
753 3669 776 3731 4
790 3675 867 3733 tom.
884 3666 1052 3733 8000110.
1069 3663 1160 3727 Dub.
1186 3658 1286 3724 1784·

178 3776 232 3839 De
256 3773 368 3839 Textu
383 3775 432 3838 ita
455 3773 614 3858 praefatur
639 3770 777 3836 Editor:
801 3769 952 3833 ‘Textus
972 3769 1046 3851 ipse
1069 3762 1214 3829 auctoris
1236 3779 1282 3826 ox
1340 3836 1345 3844 ¹

177 3877 345 3942 luculenta
372 3877 431 3942 illa
467 3881 500 3941 01
529 3874 741 3940 curatissima
765 3871 921 3936 Editione
949 3867 1154 3953 exprimitur,
1181 3880 1286 3947 quam

178 3981 290 4046 iubae
313 3982 390 4064 ipsa
416 3981 499 4043 urbe
521 3974 718 4063 (Dublinio)
732 3976 831 4040 annis·
849 3972 970 4039 abhinc
985 3972 1039 4036 58.
1058 3967 1285 4035 adornandam

169 4082 329 4167 suscepit
349 4102 452 4146 sexus
465 4088 499 4146 et
513 4078 631 4145 saeculi
645 4079 698 4143 sui
711 4078 827 4155 decus,
843 4074 972 4140 erudita
985 4073 1165 4138 admodum
1176 4067 1285 4134 foemi-

176 4204 236 4264 na,
266 4184 466 4251 Constantia
488 4182 666 4248 Grierson:
702 4181 972 4264 necquicquam
1000 4169 1284 4246 (1010111111111001,

171 4290 300 4359 'chartae
337 4296 373 4354 et
421 4292 575 4374 typorum
605 4283 770 4369 elegantia
796 4283 1001 4369 conspicuae,
1033 4280 1155 4364 praeter
1185 4277 1284 4338 notas
