<?xml version="1.0" encoding="UTF-8"?>
<!DOCTYPE html PUBLIC "-//W3C//DTD XHTML 1.0 Transitional//EN"
    "http://www.w3.org/TR/xhtml1/DTD/xhtml1-transitional.dtd">
<html xmlns="http://www.w3.org/1999/xhtml" xml:lang="en" lang="en">
 <head>
  <title>
</title>
<meta http-equiv="Content-Type" content="text/html;charset=utf-8" />
  <meta name='ocr-system' content='tesseract 3.04.00' />
  <meta name='ocr-capabilities' content='ocr_page ocr_carea ocr_par ocr_line ocrx_word'/>
</head>
<body>
  <div class='ocr_page' id='page_1' title='image "./operaomnia00tacigoog/operaomnia00tacigoog_0050.png"; bbox 0 0 3042 4950; ppageno 0'>
   <div class='ocr_carea' id='block_1_1' title="bbox 232 329 989 425">
    <p class='ocr_par' dir='ltr' id='par_1_1' title="bbox 232 329 989 425">
     <span class='ocr_line' id='line_1_1' title="bbox 232 329 989 425; baseline -0.005 0"><span class='ocrx_word' id='word_1_1' title='bbox 232 357 322 425; x_wconf 75' lang='lat' dir='ltr'><strong>dass</strong></span> <span class='ocrx_word' id='word_1_2' title='bbox 358 329 361 333; x_wconf 33' lang='lat'>⁵</span> <span class='ocrx_word' id='word_1_3' title='bbox 595 370 626 422; x_wconf 85' lang='lat' dir='ltr'><strong>r.</strong></span> <span class='ocrx_word' id='word_1_4' title='bbox 651 370 764 421; x_wconf 81' lang='lat' dir='ltr'><strong>urrsrr</strong></span> <span class='ocrx_word' id='word_1_5' title='bbox 789 370 989 421; x_wconf 83' lang='lat' dir='ltr'><strong>nxnuasus</strong></span> 
     </span>
    </p>
   </div>
   <div class='ocr_carea' id='block_1_2' title="bbox 232 514 1354 1245">
    <p class='ocr_par' dir='ltr' id='par_1_2' title="bbox 232 514 1354 1245">
     <span class='ocr_line' id='line_1_2' title="bbox 235 514 1337 581; baseline -0.008 -7"><span class='ocrx_word' id='word_1_6' title='bbox 235 525 331 574; x_wconf 89' lang='lat' dir='ltr'><strong>ciarum</strong></span> <span class='ocrx_word' id='word_1_7' title='bbox 343 519 474 571; x_wconf 75' lang='lat' dir='ltr'>ordinibus</span> <span class='ocrx_word' id='word_1_8' title='bbox 486 517 582 569; x_wconf 88' lang='lat' dir='ltr'><strong>incolas</strong></span> <span class='ocrx_word' id='word_1_9' title='bbox 593 532 673 568; x_wconf 82' lang='lat' dir='ltr'><strong>noros</strong></span> <span class='ocrx_word' id='word_1_10' title='bbox 685 516 808 566; x_wconf 78' lang='lat' dir='ltr'><strong>indultus&#39;</strong></span> <span class='ocrx_word' id='word_1_11' title='bbox 820 532 872 565; x_wconf 78' lang='lat' dir='ltr'><strong>sua</strong></span> <span class='ocrx_word' id='word_1_12' title='bbox 883 516 984 566; x_wconf 78' lang='lat' dir='ltr'><strong>civitati</strong></span> <span class='ocrx_word' id='word_1_13' title='bbox 994 514 1027 565; x_wconf 90' lang='lat' dir='ltr'><strong>ab</strong></span> <span class='ocrx_word' id='word_1_14' title='bbox 1037 514 1123 581; x_wconf 86' lang='lat' dir='ltr'><strong>impp.</strong></span> <span class='ocrx_word' id='word_1_15' title='bbox 1135 515 1235 567; x_wconf 76' lang='lat' dir='ltr'><strong>scribit.</strong></span> <span class='ocrx_word' id='word_1_16' title='bbox 1261 515 1337 567; x_wconf 80' lang='lat' dir='ltr'><strong>Alius</strong></span> 
     </span>
     <span class='ocr_line' id='line_1_3' title="bbox 233 597 1337 665; baseline -0.005 -11"><span class='ocrx_word' id='word_1_17' title='bbox 233 605 332 654; x_wconf 80' lang='lat' dir='ltr'><strong>Orator</strong></span> <span class='ocrx_word' id='word_1_18' title='bbox 344 605 368 652; x_wconf 89' lang='lat' dir='ltr'><strong>io</strong></span> <span class='ocrx_word' id='word_1_19' title='bbox 388 602 547 665; x_wconf 71' lang='lat' dir='ltr'><strong>Panegyrico</strong></span> <span class='ocrx_word' id='word_1_20' title='bbox 566 601 598 649; x_wconf 91' lang='lat' dir='ltr'><strong>ad</strong></span> <span class='ocrx_word' id='word_1_21' title='bbox 611 598 798 648; x_wconf 77' lang='lat' dir='ltr'>Maximinum:</span> <span class='ocrx_word' id='word_1_22' title='bbox 816 600 824 625; x_wconf 85' lang='lat'>‘</span> <span class='ocrx_word' id='word_1_23' title='bbox 837 598 934 647; x_wconf 84' lang='lat' dir='ltr'><strong>Civitas</strong></span> <span class='ocrx_word' id='word_1_24' title='bbox 951 597 1105 660; x_wconf 85' lang='lat' dir='ltr'><strong>AEduururn,’</strong></span> <span class='ocrx_word' id='word_1_25' title='bbox 1126 598 1232 663; x_wconf 84' lang='lat' dir='ltr'><strong>inquit,‘</strong></span> <span class='ocrx_word' id='word_1_26' title='bbox 1245 613 1277 647; x_wconf 81' lang='lat' dir='ltr'><strong>ex</strong></span> <span class='ocrx_word' id='word_1_27' title='bbox 1288 597 1337 649; x_wconf 70' lang='lat' dir='ltr'><strong>hoc</strong></span> 
     </span>
     <span class='ocr_line' id='line_1_4' title="bbox 232 679 1338 744; baseline -0.01 -5"><span class='ocrx_word' id='word_1_28' title='bbox 232 690 392 739; x_wconf 75' lang='lat' dir='ltr'><strong>Britannicae</strong></span> <span class='ocrx_word' id='word_1_29' title='bbox 406 686 532 734; x_wconf 75' lang='lat' dir='ltr'>facultate</span> <span class='ocrx_word' id='word_1_30' title='bbox 545 682 662 731; x_wconf 76' lang='lat' dir='ltr'><strong>victoria</strong></span> <span class='ocrx_word' id='word_1_31' title='bbox 682 681 814 743; x_wconf 83' lang='lat' dir='ltr'><strong>plurimos,</strong></span> <span class='ocrx_word' id='word_1_32' title='bbox 826 681 918 744; x_wconf 86' lang='lat' dir='ltr'><strong>quibus</strong></span> <span class='ocrx_word' id='word_1_33' title='bbox 934 681 984 729; x_wconf 79' lang='lat' dir='ltr'><strong>illae</strong></span> <span class='ocrx_word' id='word_1_34' title='bbox 997 681 1136 744; x_wconf 68' lang='lat' dir='ltr'><strong>provinciae</strong></span> <span class='ocrx_word' id='word_1_35' title='bbox 1149 679 1338 739; x_wconf 81' lang='lat' dir='ltr'><strong>redundabant,</strong></span> 
     </span>
     <span class='ocr_line' id='line_1_5' title="bbox 233 762 1347 835; baseline -0.012 -12"><span class='ocrx_word' id='word_1_36' title='bbox 233 772 335 835; x_wconf 86' lang='lat' dir='ltr'><strong>accepit</strong></span> <span class='ocrx_word' id='word_1_37' title='bbox 348 767 475 817; x_wconf 62' lang='lat' dir='ltr'><strong>artifices?</strong></span> <span class='ocrx_word' id='word_1_38' title='bbox 511 766 603 815; x_wconf 83' lang='lat' dir='ltr'><strong>Nonne.</strong></span> <span class='ocrx_word' id='word_1_39' title='bbox 622 764 711 814; x_wconf 89' lang='lat' dir='ltr'><strong>eadem</strong></span> <span class='ocrx_word' id='word_1_40' title='bbox 731 764 811 813; x_wconf 87' lang='lat' dir='ltr'><strong>dere</strong></span> <span class='ocrx_word' id='word_1_41' title='bbox 833 764 917 827; x_wconf 90' lang='lat' dir='ltr'><strong>palam</strong></span> <span class='ocrx_word' id='word_1_42' title='bbox 937 771 1015 827; x_wconf 87' lang='lat' dir='ltr'><strong>atque</strong></span> <span class='ocrx_word' id='word_1_43' title='bbox 1037 763 1100 812; x_wconf 87' lang='lat' dir='ltr'><strong>urbe</strong></span> <span class='ocrx_word' id='word_1_44' title='bbox 1121 762 1277 827; x_wconf 84' lang='lat' dir='ltr'><strong>loquuntur?</strong></span> <span class='ocrx_word' id='word_1_45' title='bbox 1302 763 1347 811; x_wconf 85' lang='lat' dir='ltr'><strong>Et·</strong></span> 
     </span>
     <span class='ocr_line' id='line_1_6' title="bbox 233 844 1349 921; baseline -0.009 -16"><span class='ocrx_word' id='word_1_46' title='bbox 233 855 294 921; x_wconf 90' lang='lat' dir='ltr'><strong>qnid</strong></span> <span class='ocrx_word' id='word_1_47' title='bbox 306 853 385 901; x_wconf 82' lang='lat' dir='ltr'><strong>verba</strong></span> <span class='ocrx_word' id='word_1_48' title='bbox 401 847 484 898; x_wconf 86' lang='lat' dir='ltr'><strong>facio?</strong></span> <span class='ocrx_word' id='word_1_49' title='bbox 501 847 577 895; x_wconf 86' lang='lat' dir='ltr'><strong>citius</strong></span> <span class='ocrx_word' id='word_1_50' title='bbox 595 847 639 908; x_wconf 89' lang='lat' dir='ltr'><strong>pili</strong></span> <span class='ocrx_word' id='word_1_51' title='bbox 658 852 799 894; x_wconf 84' lang='lat' dir='ltr'><strong>nascantur</strong></span> <span class='ocrx_word' id='word_1_52' title='bbox 811 845 836 893; x_wconf 90' lang='lat' dir='ltr'><strong>in</strong></span> <span class='ocrx_word' id='word_1_53' title='bbox 852 846 900 894; x_wconf 85' lang='lat' dir='ltr'><strong>lrac</strong></span> <span class='ocrx_word' id='word_1_54' title='bbox 915 860 1004 894; x_wconf 90' lang='lat' dir='ltr'><strong>manus</strong></span> <span class='ocrx_word' id='word_1_55' title='bbox 1024 845 1089 907; x_wconf 80' lang='lat' dir='ltr'><strong>vola,</strong></span> <span class='ocrx_word' id='word_1_56' title='bbox 1100 860 1177 911; x_wconf 87' lang='lat' dir='ltr'><strong>quam</strong></span> <span class='ocrx_word' id='word_1_57' title='bbox 1187 844 1273 909; x_wconf 88' lang='lat' dir='ltr'><strong>oplniu</strong></span> <span class='ocrx_word' id='word_1_58' title='bbox 1283 850 1349 909; x_wconf 62' lang='lat' dir='ltr'><strong>turn:</strong></span> 
     </span>
     <span class='ocr_line' id='line_1_7' title="bbox 232 925 1338 1001; baseline -0.012 -15"><span class='ocrx_word' id='word_1_59' title='bbox 232 936 320 1001; x_wconf 88' lang='lat' dir='ltr'><strong>Pigbi,</strong></span> <span class='ocrx_word' id='word_1_60' title='bbox 339 934 364 981; x_wconf 92' lang='lat' dir='ltr'><strong>in</strong></span> <span class='ocrx_word' id='word_1_61' title='bbox 385 947 442 980; x_wconf 86' lang='lat' dir='ltr'><strong>mea</strong></span> <span class='ocrx_word' id='word_1_62' title='bbox 459 937 563 978; x_wconf 86' lang='lat' dir='ltr'><strong>mente:</strong></span> <span class='ocrx_word' id='word_1_63' title='bbox 591 927 666 977; x_wconf 86' lang='lat' dir='ltr'><strong>exiis</strong></span> <span class='ocrx_word' id='word_1_64' title='bbox 686 927 869 993; x_wconf 66' lang='lat' dir='ltr'><strong>quidamque</strong></span> <span class='ocrx_word' id='word_1_65' title='bbox 888 926 971 977; x_wconf 86' lang='lat' dir='ltr'><strong>adhuc</strong></span> <span class='ocrx_word' id='word_1_66' title='bbox 982 927 1080 977; x_wconf 79' lang='lat' dir='ltr'>dixisti.</span> <span class='ocrx_word' id='word_1_67' title='bbox 1115 929 1181 977; x_wconf 83' lang='lat' dir='ltr'><strong>Nam</strong></span> <span class='ocrx_word' id='word_1_68' title='bbox 1190 925 1304 976; x_wconf 85' lang='lat' dir='ltr'><strong>firmiora</strong></span> <span class='ocrx_word' id='word_1_69' title='bbox 1314 925 1338 974; x_wconf 90' lang='lat' dir='ltr'><strong>si</strong></span> 
     </span>
     <span class='ocr_line' id='line_1_8' title="bbox 232 1007 1354 1076; baseline -0.012 -6"><span class='ocrx_word' id='word_1_70' title='bbox 232 1018 319 1070; x_wconf 82' lang='lat' dir='ltr'><strong>adfers</strong></span> <span class='ocrx_word' id='word_1_71' title='bbox 332 1033 339 1065; x_wconf 76' lang='grc' dir='ltr'>ι</span> <span class='ocrx_word' id='word_1_72' title='bbox 356 1015 435 1064; x_wconf 85' lang='lat' dir='ltr'><strong>facile</strong></span> <span class='ocrx_word' id='word_1_73' title='bbox 452 1028 500 1076; x_wconf 85' lang='lat' dir='ltr'><strong>ego</strong></span> <span class='ocrx_word' id='word_1_74' title='bbox 520 1013 634 1060; x_wconf 78' lang='lat' dir='ltr'>Plancus</span> <span class='ocrx_word' id='word_1_75' title='bbox 652 1017 696 1059; x_wconf 86' lang='lat' dir='ltr'><strong>sut</strong></span> <span class='ocrx_word' id='word_1_76' title='bbox 713 1011 836 1074; x_wconf 83' lang='lat' dir='ltr'><strong>Deillius,</strong></span> <span class='ocrx_word' id='word_1_77' title='bbox 847 1024 896 1060; x_wconf 90' lang='lat' dir='ltr'><strong>nec</strong></span> <span class='ocrx_word' id='word_1_78' title='bbox 906 1010 1028 1061; x_wconf 88' lang='lat' dir='ltr'><strong>morabor</strong></span> <span class='ocrx_word' id='word_1_79' title='bbox 1039 1008 1175 1072; x_wconf 81' lang='lat' dir='ltr'><strong>transfugii</strong></span> <span class='ocrx_word' id='word_1_80' title='bbox 1185 1007 1354 1074; x_wconf 54' lang='lat' dir='ltr'><strong>(dummodo,</strong></span> 
     </span>
     <span class='ocr_line' id='line_1_9' title="bbox 232 1089 1340 1156; baseline -0.011 -6"><span class='ocrx_word' id='word_1_81' title='bbox 232 1102 259 1151; x_wconf 91' lang='lat' dir='ltr'><strong>in</strong></span> <span class='ocrx_word' id='word_1_82' title='bbox 267 1098 395 1149; x_wconf 83' lang='lat' dir='ltr'><strong>Veritatis</strong></span> <span class='ocrx_word' id='word_1_83' title='bbox 414 1094 511 1155; x_wconf 77' lang='lat' dir='ltr'><strong>castra)</strong></span> <span class='ocrx_word' id='word_1_84' title='bbox 522 1095 600 1142; x_wconf 88' lang='lat' dir='ltr'><strong>ullam</strong></span> <span class='ocrx_word' id='word_1_85' title='bbox 613 1099 708 1142; x_wconf 86' lang='lat' dir='ltr'><strong>notam.</strong></span> <span class='ocrx_word' id='word_1_86' title='bbox 742 1093 809 1142; x_wconf 85' lang='lat' dir='ltr'><strong>Haec</strong></span> <span class='ocrx_word' id='word_1_87' title='bbox 829 1093 939 1143; x_wconf 79' lang='lat' dir='ltr'>candide</span> <span class='ocrx_word' id='word_1_88' title='bbox 950 1108 966 1142; x_wconf 92' lang='lat' dir='ltr'><strong>a</strong></span> <span class='ocrx_word' id='word_1_89' title='bbox 976 1108 1018 1143; x_wconf 89' lang='lat' dir='ltr'><strong>me</strong></span> <span class='ocrx_word' id='word_1_90' title='bbox 1032 1092 1148 1156; x_wconf 73' lang='lat' dir='ltr'><strong>scripta:</strong></span> <span class='ocrx_word' id='word_1_91' title='bbox 1165 1092 1241 1142; x_wconf 83' lang='lat' dir='ltr'><strong>horno</strong></span> <span class='ocrx_word' id='word_1_92' title='bbox 1251 1089 1340 1140; x_wconf 83' lang='lat' dir='ltr'><strong>candi·</strong></span> 
     </span>
     <span class='ocr_line' id='line_1_10' title="bbox 234 1175 864 1245; baseline -0.011 -13"><span class='ocrx_word' id='word_1_93' title='bbox 234 1182 345 1245; x_wconf 87' lang='lat' dir='ltr'><strong>dissime,</strong></span> <span class='ocrx_word' id='word_1_94' title='bbox 356 1178 411 1229; x_wconf 90' lang='lat' dir='ltr'><strong>sine</strong></span> <span class='ocrx_word' id='word_1_95' title='bbox 423 1178 476 1227; x_wconf 89' lang='lat' dir='ltr'><strong>nlla</strong></span> <span class='ocrx_word' id='word_1_96' title='bbox 486 1175 578 1225; x_wconf 84' lang='lat' dir='ltr'><strong>frontis</strong></span> <span class='ocrx_word' id='word_1_97' title='bbox 589 1175 726 1239; x_wconf 88' lang='lat' dir='ltr'><strong>nubecula,</strong></span> <span class='ocrx_word' id='word_1_98' title='bbox 736 1175 773 1224; x_wconf 89' lang='lat' dir='ltr'><strong>sic</strong></span> <span class='ocrx_word' id='word_1_99' title='bbox 784 1176 864 1240; x_wconf 86' lang='lat' dir='ltr'><strong>leges.</strong></span> 
     </span>
    </p>
   </div>
   <div class='ocr_carea' id='block_1_3' title="bbox 772 1373 816 1427">
    <p class='ocr_par' dir='ltr' id='par_1_3' title="bbox 772 1373 816 1427">
     <span class='ocr_line' id='line_1_11' title="bbox 772 1373 816 1427; baseline 0.136 -6"><span class='ocrx_word' id='word_1_100' title='bbox 772 1373 816 1427; x_wconf 68' lang='grc' dir='ltr'><strong>Ι.4</strong></span> 
     </span>
    </p>
   </div>
   <div class='ocr_carea' id='block_1_4' title="bbox 224 1501 1380 4337">
    <p class='ocr_par' dir='ltr' id='par_1_4' title="bbox 224 1501 1380 4337">
     <span class='ocr_line' id='line_1_12' title="bbox 265 1501 1350 1567; baseline -0.005 -11"><span class='ocrx_word' id='word_1_101' title='bbox 265 1506 333 1556; x_wconf 81' lang='lat' dir='ltr'><strong>Cnu.</strong></span> <span class='ocrx_word' id='word_1_102' title='bbox 350 1509 390 1555; x_wconf 80' lang='grc'><strong>53.</strong></span> <span class='ocrx_word' id='word_1_103' title='bbox 408 1505 508 1555; x_wconf 87' lang='lat' dir='ltr'><strong>Seneca</strong></span> <span class='ocrx_word' id='word_1_104' title='bbox 526 1507 568 1555; x_wconf 88' lang='lat' dir='ltr'><strong>De</strong></span> <span class='ocrx_word' id='word_1_105' title='bbox 591 1502 746 1553; x_wconf 85' lang='lat' dir='ltr'><strong>Beneficiis:</strong></span> <span class='ocrx_word' id='word_1_106' title='bbox 772 1502 876 1553; x_wconf 88' lang='lat' dir='ltr'><strong>‘Video</strong></span> <span class='ocrx_word' id='word_1_107' title='bbox 898 1505 1006 1554; x_wconf 87' lang='lat' dir='ltr'><strong>uniones</strong></span> <span class='ocrx_word' id='word_1_108' title='bbox 1028 1518 1080 1553; x_wconf 91' lang='lat' dir='ltr'><strong>non</strong></span> <span class='ocrx_word' id='word_1_109' title='bbox 1099 1502 1210 1567; x_wconf 85' lang='lat' dir='ltr'><strong>singulos</strong></span> <span class='ocrx_word' id='word_1_110' title='bbox 1230 1501 1350 1567; x_wconf 61' lang='lat' dir='ltr'><strong>singulisr</strong></span> 
     </span>
     <span class='ocr_line' id='line_1_13' title="bbox 231 1583 1380 1653; baseline -0.001 -15"><span class='ocrx_word' id='word_1_111' title='bbox 231 1588 335 1638; x_wconf 87' lang='lat' dir='ltr'><strong>auribus</strong></span> <span class='ocrx_word' id='word_1_112' title='bbox 346 1595 522 1651; x_wconf 87' lang='lat' dir='ltr'><strong>comparatos:</strong></span> <span class='ocrx_word' id='word_1_113' title='bbox 546 1587 613 1653; x_wconf 82' lang='lat' dir='ltr'><strong>(jam</strong></span> <span class='ocrx_word' id='word_1_114' title='bbox 633 1587 700 1636; x_wconf 86' lang='lat' dir='ltr'><strong>enim</strong></span> <span class='ocrx_word' id='word_1_115' title='bbox 721 1587 872 1636; x_wconf 80' lang='lat' dir='ltr'><strong>exercitatae</strong></span> <span class='ocrx_word' id='word_1_116' title='bbox 888 1601 971 1649; x_wconf 87' lang='lat' dir='ltr'><strong>aures,</strong></span> <span class='ocrx_word' id='word_1_117' title='bbox 982 1587 1052 1637; x_wconf 88' lang='lat' dir='ltr'><strong>oneri</strong></span> <span class='ocrx_word' id='word_1_118' title='bbox 1062 1584 1170 1635; x_wconf 85' lang='lat' dir='ltr'><strong>ferendo</strong></span> <span class='ocrx_word' id='word_1_119' title='bbox 1181 1583 1268 1644; x_wconf 72' lang='lat' dir='ltr'><strong>sunta)</strong></span> <span class='ocrx_word' id='word_1_120' title='bbox 1274 1585 1349 1648; x_wconf 86' lang='lat' dir='ltr'><strong>jun.·</strong></span> <span class='ocrx_word' id='word_1_121' title='bbox 1377 1598 1380 1603; x_wconf 77' lang='grc'><strong><em>’</em></strong></span> 
     </span>
     <span class='ocr_line' id='line_1_14' title="bbox 229 1666 1338 1734; baseline -0.004 -15"><span class='ocrx_word' id='word_1_122' title='bbox 229 1678 326 1734; x_wconf 88' lang='lat' dir='ltr'><strong>guntur</strong></span> <span class='ocrx_word' id='word_1_123' title='bbox 337 1672 406 1719; x_wconf 86' lang='lat' dir='ltr'><strong>inter</strong></span> <span class='ocrx_word' id='word_1_124' title='bbox 417 1685 454 1732; x_wconf 88' lang='lat' dir='ltr'><strong>se,</strong></span> <span class='ocrx_word' id='word_1_125' title='bbox 464 1676 492 1719; x_wconf 88' lang='lat' dir='ltr'><strong>ct</strong></span> <span class='ocrx_word' id='word_1_126' title='bbox 502 1670 608 1733; x_wconf 86' lang='lat' dir='ltr'><strong>insuper</strong></span> <span class='ocrx_word' id='word_1_127' title='bbox 619 1669 661 1717; x_wconf 88' lang='lat' dir='ltr'><strong>alii</strong></span> <span class='ocrx_word' id='word_1_128' title='bbox 673 1669 726 1717; x_wconf 90' lang='lat' dir='ltr'><strong>bini</strong></span> <span class='ocrx_word' id='word_1_129' title='bbox 744 1675 925 1734; x_wconf 88' lang='lat' dir='ltr'><strong>supponuntur</strong></span> <span class='ocrx_word' id='word_1_130' title='bbox 942 1668 1033 1733; x_wconf 57' lang='lat' dir='ltr'><strong>[sorta</strong></span> <span class='ocrx_word' id='word_1_131' title='bbox 1049 1666 1251 1733; x_wconf 65' lang='lat' dir='ltr'><strong>suppcnguntar]</strong></span> <span class='ocrx_word' id='word_1_132' title='bbox 1276 1667 1338 1715; x_wconf 81' lang='lat' dir='ltr'><strong>Non</strong></span> 
     </span>
     <span class='ocr_line' id='line_1_15' title="bbox 231 1747 1337 1814; baseline -0.004 -14"><span class='ocrx_word' id='word_1_133' title='bbox 231 1751 294 1801; x_wconf 89' lang='lat' dir='ltr'><strong>satis</strong></span> <span class='ocrx_word' id='word_1_134' title='bbox 312 1749 443 1799; x_wconf 88' lang='lat' dir='ltr'><strong>muliebris</strong></span> <span class='ocrx_word' id='word_1_135' title='bbox 459 1751 559 1798; x_wconf 89' lang='lat' dir='ltr'><strong>insania</strong></span> <span class='ocrx_word' id='word_1_136' title='bbox 582 1750 649 1799; x_wconf 85' lang='lat' dir='ltr'><strong>viros</strong></span> <span class='ocrx_word' id='word_1_137' title='bbox 668 1749 824 1814; x_wconf 86' lang='lat' dir='ltr'><strong>subjecerat,</strong></span> <span class='ocrx_word' id='word_1_138' title='bbox 841 1750 890 1800; x_wconf 89' lang='lat' dir='ltr'><strong>uisi</strong></span> <span class='ocrx_word' id='word_1_139' title='bbox 910 1751 971 1799; x_wconf 88' lang='lat' dir='ltr'><strong>bina</strong></span> <span class='ocrx_word' id='word_1_140' title='bbox 985 1766 1015 1800; x_wconf 91' lang='lat' dir='ltr'><strong>ac</strong></span> <span class='ocrx_word' id='word_1_141' title='bbox 1035 1757 1110 1799; x_wconf 83' lang='lat' dir='ltr'><strong>terna</strong></span> <span class='ocrx_word' id='word_1_142' title='bbox 1120 1749 1275 1814; x_wconf 86' lang='lat' dir='ltr'><strong>patrimonia</strong></span> <span class='ocrx_word' id='word_1_143' title='bbox 1285 1747 1337 1796; x_wconf 88' lang='lat' dir='ltr'><strong>sin·</strong></span> 
     </span>
     <span class='ocr_line' id='line_1_16' title="bbox 231 1829 1338 1896; baseline -0.002 -16"><span class='ocrx_word' id='word_1_144' title='bbox 231 1832 427 1896; x_wconf 81' lang='lat' dir='ltr'><strong>gulisanribus</strong></span> <span class='ocrx_word' id='word_1_145' title='bbox 458 1830 662 1895; x_wconf 86' lang='lat' dir='ltr'><strong>pependissent.&#39;</strong></span> <span class='ocrx_word' id='word_1_146' title='bbox 703 1832 812 1882; x_wconf 78' lang='lat' dir='ltr'><strong>&#39;l&#39;ertull</strong></span> <span class='ocrx_word' id='word_1_147' title='bbox 838 1838 924 1893; x_wconf 88' lang='lat' dir='ltr'><strong>acute,</strong></span> <span class='ocrx_word' id='word_1_148' title='bbox 950 1834 993 1882; x_wconf 90' lang='lat' dir='ltr'><strong>De</strong></span> <span class='ocrx_word' id='word_1_149' title='bbox 1015 1831 1105 1881; x_wconf 89' lang='lat' dir='ltr'><strong>babitu</strong></span> <span class='ocrx_word' id='word_1_150' title='bbox 1132 1832 1193 1881; x_wconf 87' lang='lat' dir='ltr'><strong>mul.</strong></span> <span class='ocrx_word' id='word_1_151' title='bbox 1226 1829 1338 1880; x_wconf 84' lang='lat' dir='ltr'><strong>‘Graci-</strong></span> 
     </span>
     <span class='ocr_line' id='line_1_17' title="bbox 230 1910 1336 1977; baseline -0.003 -15"><span class='ocrx_word' id='word_1_152' title='bbox 230 1915 269 1963; x_wconf 81' lang='lat' dir='ltr'><strong>les</strong></span> <span class='ocrx_word' id='word_1_153' title='bbox 289 1915 388 1963; x_wconf 90' lang='lat' dir='ltr'><strong>aurium</strong></span> <span class='ocrx_word' id='word_1_154' title='bbox 407 1919 480 1962; x_wconf 90' lang='lat' dir='ltr'><strong>cutes</strong></span> <span class='ocrx_word' id='word_1_155' title='bbox 498 1912 677 1963; x_wconf 84' lang='lat' dir='ltr'><strong>calendarium</strong></span> <span class='ocrx_word' id='word_1_156' title='bbox 697 1913 856 1976; x_wconf 82' lang='lat' dir='ltr'><strong>expendunt,</strong></span> <span class='ocrx_word' id='word_1_157' title='bbox 867 1920 896 1963; x_wconf 93' lang='lat' dir='ltr'><strong>et</strong></span> <span class='ocrx_word' id='word_1_158' title='bbox 910 1915 936 1962; x_wconf 91' lang='lat' dir='ltr'><strong>in</strong></span> <span class='ocrx_word' id='word_1_159' title='bbox 955 1914 1059 1962; x_wconf 85' lang='lat' dir='ltr'><strong>sinistra</strong></span> <span class='ocrx_word' id='word_1_160' title='bbox 1070 1927 1117 1977; x_wconf 89' lang='lat' dir='ltr'><strong>per</strong></span> <span class='ocrx_word' id='word_1_161' title='bbox 1139 1911 1252 1976; x_wconf 87' lang='lat' dir='ltr'><strong>singulos</strong></span> <span class='ocrx_word' id='word_1_162' title='bbox 1271 1910 1336 1974; x_wconf 85' lang='lat' dir='ltr'><strong>digi-</strong></span> 
     </span>
     <span class='ocr_line' id='line_1_18' title="bbox 229 1992 1337 2059; baseline -0.002 -15"><span class='ocrx_word' id='word_1_163' title='bbox 229 2002 270 2044; x_wconf 85' lang='lat' dir='ltr'><strong>tos</strong></span> <span class='ocrx_word' id='word_1_164' title='bbox 302 1995 385 2043; x_wconf 82' lang='lat' dir='ltr'><strong>saccis</strong></span> <span class='ocrx_word' id='word_1_165' title='bbox 413 1994 520 2056; x_wconf 89' lang='lat' dir='ltr'><strong>singulis</strong></span> <span class='ocrx_word' id='word_1_166' title='bbox 542 1992 626 2043; x_wconf 69' lang='lat' dir='ltr'><strong>ludit!</strong></span> <span class='ocrx_word' id='word_1_167' title='bbox 670 1992 902 2057; x_wconf 87' lang='lat' dir='ltr'><strong>Augustinushoc</strong></span> <span class='ocrx_word' id='word_1_168' title='bbox 926 1995 1036 2058; x_wconf 84' lang='lat' dir='ltr'><strong>amplius</strong></span> <span class='ocrx_word' id='word_1_169' title='bbox 1057 1995 1185 2059; x_wconf 87' lang='lat' dir='ltr'><strong>queritur,</strong></span> <span class='ocrx_word' id='word_1_170' title='bbox 1208 2008 1254 2043; x_wconf 88' lang='lat' dir='ltr'><strong>sun</strong></span> <span class='ocrx_word' id='word_1_171' title='bbox 1278 2006 1337 2042; x_wconf 84' lang='lat' dir='ltr'><strong>aero</strong></span> 
     </span>
     <span class='ocr_line' id='line_1_19' title="bbox 229 2074 1347 2142; baseline -0.004 -16"><span class='ocrx_word' id='word_1_172' title='bbox 229 2077 355 2126; x_wconf 81' lang='lat' dir='ltr'>insanisse</span> <span class='ocrx_word' id='word_1_173' title='bbox 366 2076 391 2124; x_wconf 93' lang='lat' dir='ltr'><strong>in</strong></span> <span class='ocrx_word' id='word_1_174' title='bbox 402 2076 472 2138; x_wconf 82' lang='lat' dir='ltr'><strong>turpi</strong></span> <span class='ocrx_word' id='word_1_175' title='bbox 492 2075 541 2123; x_wconf 90' lang='lat' dir='ltr'><strong>isto</strong></span> <span class='ocrx_word' id='word_1_176' title='bbox 554 2076 654 2125; x_wconf 85' lang='lat' dir='ltr'><strong>aurium</strong></span> <span class='ocrx_word' id='word_1_177' title='bbox 665 2077 738 2126; x_wconf 91' lang='lat' dir='ltr'><strong>cultu</strong></span> <span class='ocrx_word' id='word_1_178' title='bbox 757 2075 835 2126; x_wconf 86' lang='lat' dir='ltr'><strong>etiam</strong></span> <span class='ocrx_word' id='word_1_179' title='bbox 848 2077 935 2126; x_wconf 85' lang='lat' dir='ltr'><strong>viros:</strong></span> <span class='ocrx_word' id='word_1_180' title='bbox 952 2091 1029 2142; x_wconf 88' lang='lat' dir='ltr'><strong>quem</strong></span> <span class='ocrx_word' id='word_1_181' title='bbox 1046 2076 1116 2138; x_wconf 89' lang='lat' dir='ltr'><strong>vide,</strong></span> <span class='ocrx_word' id='word_1_182' title='bbox 1126 2077 1148 2125; x_wconf 91' lang='lat' dir='ltr'><strong>si</strong></span> <span class='ocrx_word' id='word_1_183' title='bbox 1159 2075 1241 2138; x_wconf 79' lang='lat' dir='ltr'><strong>lubet,</strong></span> <span class='ocrx_word' id='word_1_184' title='bbox 1252 2074 1347 2138; x_wconf 86' lang='lat' dir='ltr'><strong>Epist..</strong></span> 
     </span>
     <span class='ocr_line' id='line_1_20' title="bbox 231 2156 1337 2222; baseline -0.001 -15"><span class='ocrx_word' id='word_1_185' title='bbox 231 2170 345 2207; x_wconf 78' lang='lat' dir='ltr'><strong>sxxxrv.</strong></span> <span class='ocrx_word' id='word_1_186' title='bbox 380 2159 445 2206; x_wconf 85' lang='lat' dir='ltr'><strong>Eum</strong></span> <span class='ocrx_word' id='word_1_187' title='bbox 465 2156 572 2206; x_wconf 85' lang='lat' dir='ltr'><strong>luxuriae</strong></span> <span class='ocrx_word' id='word_1_188' title='bbox 589 2157 668 2206; x_wconf 90' lang='lat' dir='ltr'><strong>ritum</strong></span> <span class='ocrx_word' id='word_1_189' title='bbox 688 2156 787 2206; x_wconf 84' lang='lat' dir='ltr'><strong>referre</strong></span> <span class='ocrx_word' id='word_1_190' title='bbox 807 2156 910 2222; x_wconf 90' lang='lat' dir='ltr'><strong>qnidam</strong></span> <span class='ocrx_word' id='word_1_191' title='bbox 921 2164 1058 2208; x_wconf 84' lang='lat' dir='ltr'><strong>conantur</strong></span> <span class='ocrx_word' id='word_1_192' title='bbox 1074 2157 1108 2207; x_wconf 92' lang='lat' dir='ltr'><strong>ad</strong></span> <span class='ocrx_word' id='word_1_193' title='bbox 1119 2156 1337 2221; x_wconf 64' lang='lat' dir='ltr'><strong>erumpnarum,</strong></span> 
     </span>
     <span class='ocr_line' id='line_1_21' title="bbox 229 2236 1347 2303; baseline -0.001 -15"><span class='ocrx_word' id='word_1_194' title='bbox 229 2254 263 2288; x_wconf 84' lang='lat' dir='ltr'><strong>ex</strong></span> <span class='ocrx_word' id='word_1_195' title='bbox 282 2237 379 2286; x_wconf 86' lang='lat' dir='ltr'><strong>Valerii</strong></span> <span class='ocrx_word' id='word_1_196' title='bbox 399 2236 485 2286; x_wconf 87' lang='lat' dir='ltr'><strong>verbis</strong></span> <span class='ocrx_word' id='word_1_197' title='bbox 504 2237 521 2285; x_wconf 92' lang='lat' dir='ltr'><strong>l.</strong></span> <span class='ocrx_word' id='word_1_198' title='bbox 542 2251 568 2286; x_wconf 79' lang='lat' dir='ltr'><strong>u.</strong></span> <span class='ocrx_word' id='word_1_199' title='bbox 586 2253 610 2287; x_wconf 94' lang='lat' dir='ltr'><strong>c.</strong></span> <span class='ocrx_word' id='word_1_200' title='bbox 628 2243 652 2287; x_wconf 82' lang='lat'><strong>2.</strong></span> <span class='ocrx_word' id='word_1_201' title='bbox 673 2238 707 2287; x_wconf 89' lang='lat' dir='ltr'><strong>de</strong></span> <span class='ocrx_word' id='word_1_202' title='bbox 727 2238 824 2288; x_wconf 88' lang='lat' dir='ltr'><strong>Martio</strong></span> <span class='ocrx_word' id='word_1_203' title='bbox 851 2244 959 2289; x_wconf 84' lang='lat' dir='ltr'><strong>exorato</strong></span> <span class='ocrx_word' id='word_1_204' title='bbox 978 2255 994 2288; x_wconf 90' lang='lat' dir='ltr'><strong>a</strong></span> <span class='ocrx_word' id='word_1_205' title='bbox 1009 2238 1128 2289; x_wconf 83' lang='lat' dir='ltr'><strong>feminis:</strong></span> <span class='ocrx_word' id='word_1_206' title='bbox 1155 2240 1208 2289; x_wconf 91' lang='lat' dir='ltr'><strong>‘ln</strong></span> <span class='ocrx_word' id='word_1_207' title='bbox 1227 2253 1347 2303; x_wconf 85' lang='lat' dir='ltr'><strong>quarum:</strong></span> 
     </span>
     <span class='ocr_line' id='line_1_22' title="bbox 229 2318 1336 2389; baseline 0 -20"><span class='ocrx_word' id='word_1_208' title='bbox 229 2321 361 2383; x_wconf 84' lang='lat' dir='ltr'><strong>honorem,</strong></span> <span class='ocrx_word' id='word_1_209' title='bbox 380 2318 490 2389; x_wconf 76' lang='lat' dir='ltr'><strong>Senatus</strong></span> <span class='ocrx_word' id='word_1_210' title='bbox 509 2326 683 2369; x_wconf 84' lang='lat' dir='ltr'><strong>matronarum</strong></span> <span class='ocrx_word' id='word_1_211' title='bbox 705 2319 823 2369; x_wconf 87' lang='lat' dir='ltr'><strong>ordinem</strong></span> <span class='ocrx_word' id='word_1_212' title='bbox 843 2319 1032 2385; x_wconf 76' lang='lat' dir='ltr'><strong>benignissimis</strong></span> <span class='ocrx_word' id='word_1_213' title='bbox 1056 2319 1176 2370; x_wconf 80' lang='lat' dir='ltr'><strong>decretis</strong></span> <span class='ocrx_word' id='word_1_214' title='bbox 1190 2319 1336 2370; x_wconf 84' lang='lat' dir='ltr'><strong>adornauit.</strong></span> 
     </span>
     <span class='ocr_line' id='line_1_23' title="bbox 229 2400 1335 2472; baseline -0.002 -19"><span class='ocrx_word' id='word_1_215' title='bbox 229 2402 321 2453; x_wconf 84' lang='lat' dir='ltr'><strong>Snnx&#39;it</strong></span> <span class='ocrx_word' id='word_1_216' title='bbox 332 2417 443 2467; x_wconf 86' lang='lat' dir='ltr'><strong>nemque</strong></span> <span class='ocrx_word' id='word_1_217' title='bbox 454 2401 493 2451; x_wconf 89' lang='lat' dir='ltr'><strong>nti</strong></span> <span class='ocrx_word' id='word_1_218' title='bbox 510 2400 612 2451; x_wconf 83' lang='lat' dir='ltr'><strong>feminis</strong></span> <span class='ocrx_word' id='word_1_219' title='bbox 623 2401 716 2452; x_wconf 88' lang='lat' dir='ltr'><strong>semita</strong></span> <span class='ocrx_word' id='word_1_220' title='bbox 726 2402 776 2451; x_wconf 81' lang='lat' dir='ltr'><strong>viri</strong></span> <span class='ocrx_word' id='word_1_221' title='bbox 794 2402 930 2464; x_wconf 89' lang='lat' dir='ltr'><strong>cederent,</strong></span> <span class='ocrx_word' id='word_1_222' title='bbox 947 2401 1078 2472; x_wconf 67' lang='lat' dir='ltr'><strong>consessas</strong></span> <span class='ocrx_word' id='word_1_223' title='bbox 1090 2404 1147 2467; x_wconf 91' lang='lat' dir='ltr'><strong>plus</strong></span> <span class='ocrx_word' id='word_1_224' title='bbox 1166 2402 1255 2451; x_wconf 86' lang='lat' dir='ltr'><strong>salutis</strong></span> <span class='ocrx_word' id='word_1_225' title='bbox 1267 2401 1335 2465; x_wconf 86' lang='lat' dir='ltr'><strong>reip&#39;.</strong></span> 
     </span>
     <span class='ocr_line' id='line_1_24' title="bbox 228 2484 1334 2550; baseline -0.002 -15"><span class='ocrx_word' id='word_1_226' title='bbox 228 2486 255 2535; x_wconf 90' lang='lat' dir='ltr'><strong>in</strong></span> <span class='ocrx_word' id='word_1_227' title='bbox 268 2485 342 2550; x_wconf 89' lang='lat' dir='ltr'><strong>stola,</strong></span> <span class='ocrx_word' id='word_1_228' title='bbox 354 2500 429 2550; x_wconf 89' lang='lat' dir='ltr'><strong>qnam</strong></span> <span class='ocrx_word' id='word_1_229' title='bbox 439 2486 465 2533; x_wconf 92' lang='lat' dir='ltr'><strong>in</strong></span> <span class='ocrx_word' id='word_1_230' title='bbox 477 2485 563 2534; x_wconf 82' lang='lat' dir='ltr'><strong>armis.</strong></span> <span class='ocrx_word' id='word_1_231' title='bbox 571 2484 665 2534; x_wconf 86' lang='lat' dir='ltr'><strong>fuisse:</strong></span> <span class='ocrx_word' id='word_1_232' title='bbox 691 2485 853 2549; x_wconf 87' lang='lat' dir='ltr'><strong>uetustisque</strong></span> <span class='ocrx_word' id='word_1_233' title='bbox 873 2484 973 2534; x_wconf 84' lang='lat' dir='ltr'><strong>surium</strong></span> <span class='ocrx_word' id='word_1_234' title='bbox 991 2485 1133 2549; x_wconf 75' lang='lat' dir='ltr'><strong>insignibus</strong></span> <span class='ocrx_word' id='word_1_235' title='bbox 1154 2499 1248 2534; x_wconf 85' lang='lat' dir='ltr'><strong>nouum</strong></span> <span class='ocrx_word' id='word_1_236' title='bbox 1259 2484 1334 2534; x_wconf 77' lang='lat' dir='ltr'><strong>uittae</strong></span> 
     </span>
     <span class='ocr_line' id='line_1_25' title="bbox 228 2565 1338 2636; baseline -0.002 -19"><span class='ocrx_word' id='word_1_237' title='bbox 228 2566 366 2618; x_wconf 86' lang='lat' dir='ltr'><strong>discrimen</strong></span> <span class='ocrx_word' id='word_1_238' title='bbox 372 2568 471 2632; x_wconf 86' lang='lat' dir='ltr'><strong>adjecit</strong></span> <span class='ocrx_word' id='word_1_239' title='bbox 479 2568 496 2619; x_wconf 87' lang='lat'><strong>:&#39;</strong></span> <span class='ocrx_word' id='word_1_240' title='bbox 507 2570 598 2631; x_wconf 83' lang='lat' dir='ltr'><strong>legunt</strong></span> <span class='ocrx_word' id='word_1_241' title='bbox 605 2568 698 2632; x_wconf 89' lang='lat' dir='ltr'><strong>enim,‘</strong></span> <span class='ocrx_word' id='word_1_242' title='bbox 709 2567 837 2617; x_wconf 83' lang='lat' dir='ltr'><strong>inaurium</strong></span> <span class='ocrx_word' id='word_1_243' title='bbox 844 2566 1003 2632; x_wconf 69' lang='lat' dir='ltr'><strong>insignibus!</strong></span> <span class='ocrx_word' id='word_1_244' title='bbox 1014 2568 1074 2617; x_wconf 88' lang='lat' dir='ltr'><strong>Non</strong></span> <span class='ocrx_word' id='word_1_245' title='bbox 1084 2567 1181 2636; x_wconf 82' lang='lat' dir='ltr'><strong>probo:</strong></span> <span class='ocrx_word' id='word_1_246' title='bbox 1192 2573 1220 2616; x_wconf 88' lang='lat' dir='ltr'><strong>et</strong></span> <span class='ocrx_word' id='word_1_247' title='bbox 1227 2565 1338 2616; x_wconf 74' lang='lat' dir='ltr'><strong>fortuma</strong></span> 
     </span>
     <span class='ocr_line' id='line_1_26' title="bbox 228 2647 1338 2720; baseline -0.002 -22"><span class='ocrx_word' id='word_1_248' title='bbox 228 2663 278 2699; x_wconf 86' lang='lat' dir='ltr'><strong>nec</strong></span> <span class='ocrx_word' id='word_1_249' title='bbox 290 2657 358 2701; x_wconf 80' lang='lat' dir='ltr'><strong>notae</strong></span> <span class='ocrx_word' id='word_1_250' title='bbox 367 2650 472 2716; x_wconf 90' lang='lat' dir='ltr'><strong>quidem</strong></span> <span class='ocrx_word' id='word_1_251' title='bbox 483 2656 545 2701; x_wconf 89' lang='lat' dir='ltr'><strong>tuuc</strong></span> <span class='ocrx_word' id='word_1_252' title='bbox 560 2650 646 2700; x_wconf 80' lang='lat' dir='ltr'><strong>ltaliae</strong></span> <span class='ocrx_word' id='word_1_253' title='bbox 666 2662 784 2714; x_wconf 76' lang='lat' dir='ltr'><strong>gemmae.</strong></span> <span class='ocrx_word' id='word_1_254' title='bbox 795 2687 797 2692; x_wconf 84' lang='lat'><em>.</em></span> <span class='ocrx_word' id='word_1_255' title='bbox 817 2649 979 2714; x_wconf 77' lang='lat' dir='ltr'><strong>scripserim,</strong></span> <span class='ocrx_word' id='word_1_256' title='bbox 995 2649 1141 2720; x_wconf 62' lang='lat' dir='ltr'><strong>uacunque</strong></span> <span class='ocrx_word' id='word_1_257' title='bbox 1149 2648 1252 2697; x_wconf 69' lang='lat' dir='ltr'><strong>minium</strong></span> <span class='ocrx_word' id='word_1_258' title='bbox 1261 2647 1338 2709; x_wconf 80' lang='lat' dir='ltr'><strong>insig-</strong></span> 
     </span>
     <span class='ocr_line' id='line_1_27' title="bbox 227 2728 1349 2797; baseline -0.002 -17"><span class='ocrx_word' id='word_1_259' title='bbox 227 2729 318 2782; x_wconf 75' lang='lat' dir='ltr'><strong>nibus?</strong></span> <span class='ocrx_word' id='word_1_260' title='bbox 345 2732 463 2783; x_wconf 86' lang='lat' dir='ltr'><strong>Crinibus</strong></span> <span class='ocrx_word' id='word_1_261' title='bbox 478 2733 547 2782; x_wconf 87' lang='lat' dir='ltr'><strong>enim</strong></span> <span class='ocrx_word' id='word_1_262' title='bbox 559 2733 696 2797; x_wconf 87' lang='lat' dir='ltr'><strong>positoque</strong></span> <span class='ocrx_word' id='word_1_263' title='bbox 716 2746 864 2794; x_wconf 82' lang='lat' dir='ltr'><strong>comarum,</strong></span> <span class='ocrx_word' id='word_1_264' title='bbox 876 2737 1001 2780; x_wconf 77' lang='lat' dir='ltr'><strong>matronae</strong></span> <span class='ocrx_word' id='word_1_265' title='bbox 1013 2730 1156 2795; x_wconf 85' lang='lat' dir='ltr'><strong>antiquitus</strong></span> <span class='ocrx_word' id='word_1_266' title='bbox 1164 2729 1290 2780; x_wconf 62' lang='lat' dir='ltr'><strong>,discreta</strong></span> <span class='ocrx_word' id='word_1_267' title='bbox 1302 2728 1349 2778; x_wconf 79' lang='lat' dir='ltr'><strong>ab.</strong></span> 
     </span>
     <span class='ocr_line' id='line_1_28' title="bbox 227 2810 1337 2878; baseline -0.004 -16"><span class='ocrx_word' id='word_1_268' title='bbox 227 2813 354 2877; x_wconf 89' lang='lat' dir='ltr'><strong>innuptis.</strong></span> <span class='ocrx_word' id='word_1_269' title='bbox 386 2815 568 2877; x_wconf 80' lang='lat' dir='ltr'><strong>Tertullianus,</strong></span> <span class='ocrx_word' id='word_1_270' title='bbox 577 2815 610 2865; x_wconf 91' lang='lat' dir='ltr'><strong>de</strong></span> <span class='ocrx_word' id='word_1_271' title='bbox 629 2814 781 2878; x_wconf 77' lang='lat' dir='ltr'><strong>Virginibus</strong></span> <span class='ocrx_word' id='word_1_272' title='bbox 800 2813 934 2863; x_wconf 80' lang='lat' dir='ltr'><strong>velandis:</strong></span> <span class='ocrx_word' id='word_1_273' title='bbox 960 2811 1112 2877; x_wconf 85' lang='lat' dir='ltr'><strong>‘Simulque</strong></span> <span class='ocrx_word' id='word_1_274' title='bbox 1125 2826 1153 2861; x_wconf 87' lang='lat' dir='ltr'><strong>sc</strong></span> <span class='ocrx_word' id='word_1_275' title='bbox 1165 2811 1285 2861; x_wconf 85' lang='lat' dir='ltr'><strong>mulieres</strong></span> <span class='ocrx_word' id='word_1_276' title='bbox 1297 2810 1337 2858; x_wconf 90' lang='lat' dir='ltr'><strong>in-</strong></span> 
     </span>
     <span class='ocr_line' id='line_1_29' title="bbox 228 2891 1347 2958; baseline -0.004 -14"><span class='ocrx_word' id='word_1_277' title='bbox 228 2894 395 2957; x_wconf 82' lang='lat' dir='ltr'><strong>tellexerunt,</strong></span> <span class='ocrx_word' id='word_1_278' title='bbox 407 2900 510 2944; x_wconf 87' lang='lat' dir='ltr'><strong>vertunt</strong></span> <span class='ocrx_word' id='word_1_279' title='bbox 521 2895 654 2958; x_wconf 81' lang='lat' dir='ltr'><strong>capillum,</strong></span> <span class='ocrx_word' id='word_1_280' title='bbox 667 2901 695 2945; x_wconf 90' lang='lat' dir='ltr'><strong>et</strong></span> <span class='ocrx_word' id='word_1_281' title='bbox 706 2910 754 2943; x_wconf 90' lang='lat' dir='ltr'><strong>acu</strong></span> <span class='ocrx_word' id='word_1_282' title='bbox 766 2894 903 2944; x_wconf 84' lang='lat' dir='ltr'><strong>lasciviore</strong></span> <span class='ocrx_word' id='word_1_283' title='bbox 916 2908 1014 2944; x_wconf 90' lang='lat' dir='ltr'><strong>comam</strong></span> <span class='ocrx_word' id='word_1_284' title='bbox 1026 2894 1075 2943; x_wconf 89' lang='lat' dir='ltr'><strong>sibi</strong></span> <span class='ocrx_word' id='word_1_285' title='bbox 1086 2892 1211 2957; x_wconf 79' lang='lat' dir='ltr'><strong>inserunt,</strong></span> <span class='ocrx_word' id='word_1_286' title='bbox 1221 2891 1347 2943; x_wconf 83' lang='lat' dir='ltr'><strong>crinibus·</strong></span> 
     </span>
     <span class='ocr_line' id='line_1_30' title="bbox 228 2974 1336 3042; baseline -0.002 -18"><span class='ocrx_word' id='word_1_287' title='bbox 228 2990 245 3024; x_wconf 91' lang='lat' dir='ltr'><strong>a</strong></span> <span class='ocrx_word' id='word_1_288' title='bbox 256 2974 342 3026; x_wconf 82' lang='lat' dir='ltr'><strong>fronte</strong></span> <span class='ocrx_word' id='word_1_289' title='bbox 353 2975 441 3026; x_wconf 86' lang='lat' dir='ltr'><strong>divisis</strong></span> <span class='ocrx_word' id='word_1_290' title='bbox 452 2982 569 3041; x_wconf 84' lang='lat' dir='ltr'><strong>apertam</strong></span> <span class='ocrx_word' id='word_1_291' title='bbox 581 2975 705 3042; x_wconf 76' lang='lat' dir='ltr'><strong>professae</strong></span> <span class='ocrx_word' id='word_1_292' title='bbox 725 2977 927 3028; x_wconf 70' lang='lat' dir='ltr'><strong>mulieritatem!</strong></span> <span class='ocrx_word' id='word_1_293' title='bbox 960 2977 1070 3027; x_wconf 89' lang='lat' dir='ltr'><strong>Plautus</strong></span> <span class='ocrx_word' id='word_1_294' title='bbox 1087 2976 1190 3026; x_wconf 90' lang='lat' dir='ltr'><strong>Milite:</strong></span> <span class='ocrx_word' id='word_1_295' title='bbox 1207 2981 1225 3022; x_wconf 91' lang='lat'><strong>.‘</strong></span> <span class='ocrx_word' id='word_1_296' title='bbox 1236 2974 1336 3038; x_wconf 85' lang='lat' dir='ltr'><strong>Utique</strong></span> 
     </span>
     <span class='ocr_line' id='line_1_31' title="bbox 229 3057 1350 3125; baseline -0.002 -19"><span class='ocrx_word' id='word_1_297' title='bbox 229 3070 287 3106; x_wconf 86' lang='lat' dir='ltr'><strong>eam</strong></span> <span class='ocrx_word' id='word_1_298' title='bbox 297 3064 413 3107; x_wconf 87' lang='lat' dir='ltr'><strong>ornatam</strong></span> <span class='ocrx_word' id='word_1_299' title='bbox 432 3058 545 3108; x_wconf 85' lang='lat' dir='ltr'><strong>adducas</strong></span> <span class='ocrx_word' id='word_1_300' title='bbox 565 3065 738 3109; x_wconf 84' lang='lat' dir='ltr'><strong>matronarum</strong></span> <span class='ocrx_word' id='word_1_301' title='bbox 753 3059 839 3123; x_wconf 90' lang='lat' dir='ltr'><strong>modo,</strong></span> <span class='ocrx_word' id='word_1_302' title='bbox 858 3060 952 3125; x_wconf 85' lang='lat' dir='ltr'><strong>Capite</strong></span> <span class='ocrx_word' id='word_1_303' title='bbox 964 3066 1079 3124; x_wconf 86' lang='lat' dir='ltr'><strong>compto,</strong></span> <span class='ocrx_word' id='word_1_304' title='bbox 1099 3059 1192 3121; x_wconf 87' lang='lat' dir='ltr'><strong>crines,</strong></span> <span class='ocrx_word' id='word_1_305' title='bbox 1203 3057 1350 3124; x_wconf 79' lang='lat' dir='ltr'><strong>vittasque.</strong></span> 
     </span>
     <span class='ocr_line' id='line_1_32' title="bbox 227 3127 1348 3206; baseline 0.002 -19"><span class='ocrx_word' id='word_1_306' title='bbox 227 3137 341 3188; x_wconf 64' lang='lat' dir='ltr'><strong>habeat!</strong></span> <span class='ocrx_word' id='word_1_307' title='bbox 358 3127 536 3189; x_wconf 84' lang='lat' dir='ltr'><strong>Mostellaria:</strong></span> <span class='ocrx_word' id='word_1_308' title='bbox 555 3140 625 3190; x_wconf 87' lang='lat' dir='ltr'><strong>‘Soli</strong></span> <span class='ocrx_word' id='word_1_309' title='bbox 637 3141 781 3205; x_wconf 88' lang='lat' dir='ltr'><strong>gerundum</strong></span> <span class='ocrx_word' id='word_1_310' title='bbox 791 3155 888 3191; x_wconf 90' lang='lat' dir='ltr'><strong>morem</strong></span> <span class='ocrx_word' id='word_1_311' title='bbox 899 3156 1002 3202; x_wconf 85' lang='lat' dir='ltr'><strong>censeo,</strong></span> <span class='ocrx_word' id='word_1_312' title='bbox 1019 3149 1048 3192; x_wconf 88' lang='lat' dir='ltr'><strong>et</strong></span> <span class='ocrx_word' id='word_1_313' title='bbox 1066 3140 1208 3206; x_wconf 88' lang='lat' dir='ltr'><strong>capiundas</strong></span> <span class='ocrx_word' id='word_1_314' title='bbox 1222 3141 1307 3190; x_wconf 89' lang='lat' dir='ltr'><strong>crines</strong></span> <span class='ocrx_word' id='word_1_315' title='bbox 1318 3140 1348 3189; x_wconf 53' lang='grc' dir='ltr'><strong>ι’,</strong></span> 
     </span>
     <span class='ocr_line' id='line_1_33' title="bbox 227 3218 1336 3288; baseline 0.005 -20"><span class='ocrx_word' id='word_1_316' title='bbox 227 3218 256 3268; x_wconf 89' lang='lat' dir='ltr'><strong>id</strong></span> <span class='ocrx_word' id='word_1_317' title='bbox 272 3224 321 3283; x_wconf 86' lang='lat' dir='ltr'><strong>est,</strong></span> <span class='ocrx_word' id='word_1_318' title='bbox 332 3219 488 3270; x_wconf 87' lang='lat' dir='ltr'><strong>nubendum.</strong></span> <span class='ocrx_word' id='word_1_319' title='bbox 521 3222 632 3271; x_wconf 84' lang='lat' dir='ltr'><strong>Festus:</strong></span> <span class='ocrx_word' id='word_1_320' title='bbox 657 3223 665 3250; x_wconf 87' lang='lat'><strong>‘</strong></span> <span class='ocrx_word' id='word_1_321' title='bbox 678 3224 751 3273; x_wconf 89' lang='lat' dir='ltr'><strong>Senis</strong></span> <span class='ocrx_word' id='word_1_322' title='bbox 761 3223 884 3274; x_wconf 43' lang='lat' dir='ltr'><strong>&#39;crinibus</strong></span> <span class='ocrx_word' id='word_1_323' title='bbox 895 3224 1022 3273; x_wconf 84' lang='lat' dir='ltr'><strong>nubentes</strong></span> <span class='ocrx_word' id='word_1_324' title='bbox 1040 3228 1174 3286; x_wconf 88' lang='lat' dir='ltr'><strong>ornantur,</strong></span> <span class='ocrx_word' id='word_1_325' title='bbox 1190 3221 1275 3288; x_wconf 86' lang='lat' dir='ltr'><strong>quod,’</strong></span> <span class='ocrx_word' id='word_1_326' title='bbox 1285 3226 1336 3274; x_wconf 75' lang='lat' dir='ltr'><strong>&amp;c</strong></span> 
     </span>
     <span class='ocr_line' id='line_1_34' title="bbox 227 3300 1348 3369; baseline 0.002 -18"><span class='ocrx_word' id='word_1_327' title='bbox 227 3300 302 3351; x_wconf 88' lang='lat' dir='ltr'><strong>Senis</strong></span> <span class='ocrx_word' id='word_1_328' title='bbox 324 3301 446 3366; x_wconf 88' lang='lat' dir='ltr'><strong>crinibus,</strong></span> <span class='ocrx_word' id='word_1_329' title='bbox 467 3302 495 3351; x_wconf 92' lang='lat' dir='ltr'><strong>id</strong></span> <span class='ocrx_word' id='word_1_330' title='bbox 512 3308 563 3367; x_wconf 85' lang='lat' dir='ltr'><strong>cst,</strong></span> <span class='ocrx_word' id='word_1_331' title='bbox 581 3317 628 3353; x_wconf 81' lang='lat' dir='ltr'><strong>sex</strong></span> <span class='ocrx_word' id='word_1_332' title='bbox 646 3304 754 3354; x_wconf 84' lang='lat' dir='ltr'><strong>crinium</strong></span> <span class='ocrx_word' id='word_1_333' title='bbox 777 3304 892 3369; x_wconf 85' lang='lat' dir='ltr'><strong>orbibus,</strong></span> <span class='ocrx_word' id='word_1_334' title='bbox 910 3306 965 3356; x_wconf 84' lang='lat' dir='ltr'><strong>sive</strong></span> <span class='ocrx_word' id='word_1_335' title='bbox 984 3304 1080 3356; x_wconf 84' lang='lat' dir='ltr'><strong>sertis.</strong></span> <span class='ocrx_word' id='word_1_336' title='bbox 1123 3305 1235 3369; x_wconf 84' lang='lat' dir='ltr'><strong>Implexi</strong></span> <span class='ocrx_word' id='word_1_337' title='bbox 1257 3304 1348 3369; x_wconf 77' lang='lat' dir='ltr'><strong>igitur·</strong></span> 
     </span>
     <span class='ocr_line' id='line_1_35' title="bbox 229 3382 1336 3453; baseline 0.004 -21"><span class='ocrx_word' id='word_1_338' title='bbox 229 3382 316 3450; x_wconf 83' lang='lat' dir='ltr'><strong>capilli</strong></span> <span class='ocrx_word' id='word_1_339' title='bbox 328 3384 494 3446; x_wconf 84' lang='lat' dir='ltr'><strong>matronales,</strong></span> <span class='ocrx_word' id='word_1_340' title='bbox 505 3391 535 3434; x_wconf 92' lang='lat' dir='ltr'><strong>ut</strong></span> <span class='ocrx_word' id='word_1_341' title='bbox 544 3385 692 3449; x_wconf 86' lang='lat' dir='ltr'><strong>exemplum</strong></span> <span class='ocrx_word' id='word_1_342' title='bbox 704 3393 796 3453; x_wconf 92' lang='lat' dir='ltr'><strong>petere</strong></span> <span class='ocrx_word' id='word_1_343' title='bbox 809 3388 874 3438; x_wconf 92' lang='lat' dir='ltr'><strong>licet</strong></span> <span class='ocrx_word' id='word_1_344' title='bbox 885 3403 901 3437; x_wconf 83' lang='lat' dir='ltr'><strong>a</strong></span> <span class='ocrx_word' id='word_1_345' title='bbox 911 3388 1004 3452; x_wconf 88' lang='lat' dir='ltr'><strong>statuis</strong></span> <span class='ocrx_word' id='word_1_346' title='bbox 1015 3388 1191 3452; x_wconf 82' lang='lat' dir='ltr'><strong>cummisque:</strong></span> <span class='ocrx_word' id='word_1_347' title='bbox 1210 3387 1336 3450; x_wconf 81' lang='lat' dir='ltr'><strong>virginum</strong></span> 
     </span>
     <span class='ocr_line' id='line_1_36' title="bbox 229 3465 1351 3532; baseline 0.008 -19"><span class='ocrx_word' id='word_1_348' title='bbox 229 3479 431 3530; x_wconf 88' lang='lat' dir='ltr'><strong>puerorumque,</strong></span> <span class='ocrx_word' id='word_1_349' title='bbox 441 3465 512 3528; x_wconf 90' lang='lat' dir='ltr'><strong>cirri,</strong></span> <span class='ocrx_word' id='word_1_350' title='bbox 523 3472 551 3515; x_wconf 89' lang='lat' dir='ltr'><strong>et</strong></span> <span class='ocrx_word' id='word_1_351' title='bbox 562 3466 685 3528; x_wconf 85' lang='lat' dir='ltr'><strong>cincinni.</strong></span> <span class='ocrx_word' id='word_1_352' title='bbox 702 3505 705 3511; x_wconf 77' lang='lat'><strong>,</strong></span> <span class='ocrx_word' id='word_1_353' title='bbox 718 3467 870 3518; x_wconf 85' lang='lat' dir='ltr'><strong>Ammianus</strong></span> <span class='ocrx_word' id='word_1_354' title='bbox 882 3469 927 3520; x_wconf 88' lang='lat' dir='ltr'><strong>lib.</strong></span> <span class='ocrx_word' id='word_1_355' title='bbox 942 3483 1000 3520; x_wconf 83' lang='lat' dir='ltr'><strong>xsv.</strong></span> <span class='ocrx_word' id='word_1_356' title='bbox 1033 3471 1041 3496; x_wconf 85' lang='lat'>‘</span> <span class='ocrx_word' id='word_1_357' title='bbox 1053 3471 1088 3518; x_wconf 89' lang='lat' dir='ltr'><strong>Et</strong></span> <span class='ocrx_word' id='word_1_358' title='bbox 1099 3469 1162 3518; x_wconf 92' lang='lat' dir='ltr'><strong>licet</strong></span> <span class='ocrx_word' id='word_1_359' title='bbox 1173 3482 1336 3532; x_wconf 86' lang='lat' dir='ltr'><strong>quocumque</strong></span> <span class='ocrx_word' id='word_1_360' title='bbox 1349 3519 1351 3522; x_wconf 88' lang='lat'>.</span> 
     </span>
     <span class='ocr_line' id='line_1_37' title="bbox 228 3544 1336 3615; baseline 0.002 -18"><span class='ocrx_word' id='word_1_361' title='bbox 228 3548 316 3597; x_wconf 90' lang='lat' dir='ltr'><strong>oculos</strong></span> <span class='ocrx_word' id='word_1_362' title='bbox 335 3544 450 3610; x_wconf 85' lang='lat' dir='ltr'><strong>flexeris,</strong></span> <span class='ocrx_word' id='word_1_363' title='bbox 467 3545 578 3598; x_wconf 83' lang='lat' dir='ltr'><strong>feminas</strong></span> <span class='ocrx_word' id='word_1_364' title='bbox 593 3546 691 3599; x_wconf 86' lang='lat' dir='ltr'><strong>affatim</strong></span> <span class='ocrx_word' id='word_1_365' title='bbox 710 3550 806 3601; x_wconf 87' lang='lat' dir='ltr'><strong>multas</strong></span> <span class='ocrx_word' id='word_1_366' title='bbox 827 3557 948 3615; x_wconf 87' lang='lat' dir='ltr'><strong>spectare</strong></span> <span class='ocrx_word' id='word_1_367' title='bbox 959 3551 1081 3613; x_wconf 80' lang='lat' dir='ltr'><strong>cirratas3</strong></span> <span class='ocrx_word' id='word_1_368' title='bbox 1098 3550 1190 3615; x_wconf 87' lang='lat' dir='ltr'><strong>quibus</strong></span> <span class='ocrx_word' id='word_1_369' title='bbox 1203 3550 1224 3599; x_wconf 89' lang='lat' dir='ltr'><strong>si</strong></span> <span class='ocrx_word' id='word_1_370' title='bbox 1236 3548 1336 3613; x_wconf 85' lang='lat' dir='ltr'><strong>nupsis-</strong></span> 
     </span>
     <span class='ocr_line' id='line_1_38' title="bbox 228 3630 1346 3698; baseline 0.001 -19"><span class='ocrx_word' id='word_1_371' title='bbox 228 3634 296 3695; x_wconf 88' lang='lat' dir='ltr'><strong>sent,</strong></span> <span class='ocrx_word' id='word_1_372' title='bbox 307 3643 355 3694; x_wconf 92' lang='lat' dir='ltr'><strong>per</strong></span> <span class='ocrx_word' id='word_1_373' title='bbox 366 3636 471 3680; x_wconf 66' lang='lat' dir='ltr'><strong>:etatem</strong></span> <span class='ocrx_word' id='word_1_374' title='bbox 483 3636 523 3680; x_wconf 84' lang='lat' dir='ltr'><strong>ter</strong></span> <span class='ocrx_word' id='word_1_375' title='bbox 529 3631 584 3695; x_wconf 79' lang='lat' dir='ltr'><strong>jam</strong></span> <span class='ocrx_word' id='word_1_376' title='bbox 595 3631 670 3682; x_wconf 89' lang='lat' dir='ltr'><strong>nixus</strong></span> <span class='ocrx_word' id='word_1_377' title='bbox 679 3638 785 3698; x_wconf 86' lang='lat' dir='ltr'><strong>poterat</strong></span> <span class='ocrx_word' id='word_1_378' title='bbox 791 3638 932 3698; x_wconf 87' lang='lat' dir='ltr'><strong>suppetere</strong></span> <span class='ocrx_word' id='word_1_379' title='bbox 942 3631 1100 3682; x_wconf 82' lang='lat' dir='ltr'><strong>liberorum’</strong></span> <span class='ocrx_word' id='word_1_380' title='bbox 1122 3632 1246 3694; x_wconf 80' lang='lat' dir='ltr'><strong>cirratas,</strong></span> <span class='ocrx_word' id='word_1_381' title='bbox 1258 3630 1346 3694; x_wconf 55' lang='lat' dir='ltr'><strong>capio*</strong></span> 
     </span>
     <span class='ocr_line' id='line_1_39' title="bbox 225 3709 1343 3784; baseline 0.004 -26"><span class='ocrx_word' id='word_1_382' title='bbox 225 3709 367 3774; x_wconf 85' lang='lat' dir='ltr'><strong>innuptas:</strong></span> <span class='ocrx_word' id='word_1_383' title='bbox 385 3713 423 3761; x_wconf 90' lang='lat' dir='ltr'><strong>uti</strong></span> <span class='ocrx_word' id='word_1_384' title='bbox 442 3714 549 3764; x_wconf 89' lang='lat' dir='ltr'><strong>Persius</strong></span> <span class='ocrx_word' id='word_1_385' title='bbox 560 3715 654 3765; x_wconf 88' lang='lat' dir='ltr'><strong>eodem</strong></span> <span class='ocrx_word' id='word_1_386' title='bbox 672 3716 789 3781; x_wconf 83' lang='lat' dir='ltr'><strong>epitheto</strong></span> <span class='ocrx_word' id='word_1_387' title='bbox 808 3715 841 3765; x_wconf 85' lang='lat' dir='ltr'><strong>de</strong></span> <span class='ocrx_word' id='word_1_388' title='bbox 852 3716 947 3780; x_wconf 88' lang='lat' dir='ltr'><strong>pueris,</strong></span> <span class='ocrx_word' id='word_1_389' title='bbox 958 3717 966 3743; x_wconf 92' lang='lat'>‘</span> <span class='ocrx_word' id='word_1_390' title='bbox 979 3713 1045 3763; x_wconf 86' lang='lat' dir='ltr'><strong>Ten&#39;</strong></span> <span class='ocrx_word' id='word_1_391' title='bbox 1063 3714 1343 3784; x_wconf 62' lang='lat' dir='ltr'><strong>cirratorumcenturu</strong></span> 
     </span>
     <span class='ocr_line' id='line_1_40' title="bbox 228 3787 1334 3863; baseline 0.003 -24"><span class='ocrx_word' id='word_1_392' title='bbox 228 3787 328 3841; x_wconf 81' lang='lat' dir='ltr'><strong>dictata</strong></span> <span class='ocrx_word' id='word_1_393' title='bbox 339 3792 435 3843; x_wconf 69' lang='lat' dir='ltr'><strong>fuisse!</strong></span> <span class='ocrx_word' id='word_1_394' title='bbox 468 3797 567 3847; x_wconf 88' lang='lat' dir='ltr'><strong>Valerii</strong></span> <span class='ocrx_word' id='word_1_395' title='bbox 578 3812 641 3862; x_wconf 90' lang='lat' dir='ltr'><strong>ergo</strong></span> <span class='ocrx_word' id='word_1_396' title='bbox 658 3812 739 3863; x_wconf 90' lang='lat' dir='ltr'><strong>mens,</strong></span> <span class='ocrx_word' id='word_1_397' title='bbox 750 3803 848 3863; x_wconf 75' lang='lat' dir='ltr'><strong>praeter</strong></span> <span class='ocrx_word' id='word_1_398' title='bbox 859 3798 968 3848; x_wconf 84' lang='lat' dir='ltr'><strong>crinium</strong></span> <span class='ocrx_word' id='word_1_399' title='bbox 978 3795 1122 3860; x_wconf 86' lang='lat' dir='ltr'><strong>discrimen,</strong></span> <span class='ocrx_word' id='word_1_400' title='bbox 1134 3795 1263 3858; x_wconf 86' lang='lat' dir='ltr'><strong>adjectam</strong></span> <span class='ocrx_word' id='word_1_401' title='bbox 1282 3794 1334 3843; x_wconf 90' lang='lat' dir='ltr'><strong>illis</strong></span> 
     </span>
     <span class='ocr_line' id='line_1_41' title="bbox 228 3872 1334 3946; baseline 0.003 -24"><span class='ocrx_word' id='word_1_402' title='bbox 228 3876 256 3922; x_wconf 91' lang='lat' dir='ltr'><strong>et</strong></span> <span class='ocrx_word' id='word_1_403' title='bbox 268 3872 377 3923; x_wconf 89' lang='lat' dir='ltr'><strong>alteram</strong></span> <span class='ocrx_word' id='word_1_404' title='bbox 388 3875 488 3928; x_wconf 86' lang='lat' dir='ltr'><strong>vittam.</strong></span> <span class='ocrx_word' id='word_1_405' title='bbox 522 3880 564 3929; x_wconf 89' lang='lat' dir='ltr'><strong>De</strong></span> <span class='ocrx_word' id='word_1_406' title='bbox 574 3894 624 3945; x_wconf 91' lang='lat' dir='ltr'><strong>qua</strong></span> <span class='ocrx_word' id='word_1_407' title='bbox 642 3879 776 3946; x_wconf 86' lang='lat' dir='ltr'><strong>Capellam</strong></span> <span class='ocrx_word' id='word_1_408' title='bbox 788 3880 888 3945; x_wconf 87' lang='lat' dir='ltr'><strong>accipio</strong></span> <span class='ocrx_word' id='word_1_409' title='bbox 899 3879 944 3931; x_wconf 88' lang='lat' dir='ltr'><strong>lib.</strong></span> <span class='ocrx_word' id='word_1_410' title='bbox 955 3892 975 3929; x_wconf 86' lang='lat'><strong>1.</strong></span> <span class='ocrx_word' id='word_1_411' title='bbox 986 3878 1019 3927; x_wconf 89' lang='lat' dir='ltr'><strong>de</strong></span> <span class='ocrx_word' id='word_1_412' title='bbox 1031 3883 1106 3941; x_wconf 86' lang='lat' dir='ltr'><strong>nupt.</strong></span> <span class='ocrx_word' id='word_1_413' title='bbox 1118 3876 1213 3927; x_wconf 87' lang='lat' dir='ltr'><strong>Philol.</strong></span> <span class='ocrx_word' id='word_1_414' title='bbox 1245 3877 1334 3929; x_wconf 71' lang='lat' dir='ltr'><strong>‘imo</strong></span> 
     </span>
     <span class='ocr_line' id='line_1_42' title="bbox 227 3957 1363 4031; baseline 0.004 -28"><span class='ocrx_word' id='word_1_415' title='bbox 227 3966 330 4019; x_wconf 88' lang='lat' dir='ltr'><strong>quoque</strong></span> <span class='ocrx_word' id='word_1_416' title='bbox 342 3968 375 4003; x_wconf 84' lang='lat' dir='ltr'><strong>ex</strong></span> <span class='ocrx_word' id='word_1_417' title='bbox 387 3957 545 4021; x_wconf 86' lang='lat' dir='ltr'><strong>purgatioris</strong></span> <span class='ocrx_word' id='word_1_418' title='bbox 555 3960 610 4010; x_wconf 87' lang='lat' dir='ltr'><strong>auri</strong></span> <span class='ocrx_word' id='word_1_419' title='bbox 621 3960 777 4026; x_wconf 87' lang='lat' dir='ltr'><strong>splendente</strong></span> <span class='ocrx_word' id='word_1_420' title='bbox 788 3974 854 4010; x_wconf 85' lang='lat' dir='ltr'><strong>vena</strong></span> <span class='ocrx_word' id='word_1_421' title='bbox 865 3959 1002 4010; x_wconf 86' lang='lat' dir='ltr'><strong>addiderat</strong></span> <span class='ocrx_word' id='word_1_422' title='bbox 1013 3958 1127 4010; x_wconf 88' lang='lat' dir='ltr'><strong>crinibus</strong></span> <span class='ocrx_word' id='word_1_423' title='bbox 1139 3958 1234 4009; x_wconf 87' lang='lat' dir='ltr'><strong>sociale</strong></span> <span class='ocrx_word' id='word_1_424' title='bbox 1245 3959 1335 4031; x_wconf 43' lang='lat' dir='ltr'><strong>sinens</strong></span> <span class='ocrx_word' id='word_1_425' title='bbox 1353 4006 1363 4026; x_wconf 85' lang='lat'><strong>.</strong></span> 
     </span>
     <span class='ocr_line' id='line_1_43' title="bbox 226 4032 1344 4106; baseline 0.003 -22"><span class='ocrx_word' id='word_1_426' title='bbox 226 4032 298 4084; x_wconf 66' lang='lat' dir='ltr'><strong>lum!</strong></span> <span class='ocrx_word' id='word_1_427' title='bbox 315 4035 439 4100; x_wconf 89' lang='lat' dir='ltr'><strong>Propert.</strong></span> <span class='ocrx_word' id='word_1_428' title='bbox 457 4038 465 4065; x_wconf 90' lang='lat'>‘</span> <span class='ocrx_word' id='word_1_429' title='bbox 478 4038 569 4089; x_wconf 82' lang='lat' dir='ltr'><strong>Vinsit</strong></span> <span class='ocrx_word' id='word_1_430' title='bbox 579 4047 607 4090; x_wconf 90' lang='lat' dir='ltr'><strong>et</strong></span> <span class='ocrx_word' id='word_1_431' title='bbox 616 4048 737 4106; x_wconf 87' lang='lat' dir='ltr'><strong>acceptas</strong></span> <span class='ocrx_word' id='word_1_432' title='bbox 746 4042 831 4092; x_wconf 84' lang='lat' dir='ltr'><strong>altera</strong></span> <span class='ocrx_word' id='word_1_433' title='bbox 841 4041 909 4091; x_wconf 85' lang='lat' dir='ltr'><strong>vitta</strong></span> <span class='ocrx_word' id='word_1_434' title='bbox 919 4040 1023 4091; x_wconf 70' lang='lat' dir='ltr'><strong>comas!</strong></span> <span class='ocrx_word' id='word_1_435' title='bbox 1045 4039 1098 4089; x_wconf 89' lang='lat' dir='ltr'><strong>Ubi</strong></span> <span class='ocrx_word' id='word_1_436' title='bbox 1108 4039 1161 4103; x_wconf 85' lang='lat' dir='ltr'><strong>legi</strong></span> <span class='ocrx_word' id='word_1_437' title='bbox 1171 4039 1261 4098; x_wconf 80' lang='lat' dir='ltr'><strong>iuvet.</strong></span> <span class='ocrx_word' id='word_1_438' title='bbox 1274 4038 1344 4088; x_wconf 75' lang='lat' dir='ltr'><strong>cod:</strong></span> 
     </span>
     <span class='ocr_line' id='line_1_44' title="bbox 224 4119 1344 4190; baseline 0.001 -23"><span class='ocrx_word' id='word_1_439' title='bbox 224 4130 346 4181; x_wconf 64' lang='lat' dir='ltr'><strong>aspersum</strong></span> <span class='ocrx_word' id='word_1_440' title='bbox 363 4125 390 4168; x_wconf 88' lang='lat' dir='ltr'><strong>et</strong></span> <span class='ocrx_word' id='word_1_441' title='bbox 401 4120 505 4183; x_wconf 86' lang='lat' dir='ltr'><strong>placet:</strong></span> <span class='ocrx_word' id='word_1_442' title='bbox 524 4119 660 4187; x_wconf 84' lang='lat' dir='ltr'><strong>referoque</strong></span> <span class='ocrx_word' id='word_1_443' title='bbox 671 4124 704 4174; x_wconf 91' lang='lat' dir='ltr'><strong>ad</strong></span> <span class='ocrx_word' id='word_1_444' title='bbox 715 4125 892 4190; x_wconf 89' lang='lat' dir='ltr'><strong>aspersionem</strong></span> <span class='ocrx_word' id='word_1_445' title='bbox 903 4138 979 4188; x_wconf 82' lang='lat' dir='ltr'><strong>aquae</strong></span> <span class='ocrx_word' id='word_1_446' title='bbox 997 4121 1096 4187; x_wconf 87' lang='lat' dir='ltr'><strong>nuptiis</strong></span> <span class='ocrx_word' id='word_1_447' title='bbox 1116 4121 1262 4178; x_wconf 72' lang='lat' dir='ltr'><strong>solennem,</strong></span> <span class='ocrx_word' id='word_1_448' title='bbox 1288 4120 1344 4174; x_wconf 37' lang='lat' dir='ltr'><strong>Dc,</strong></span> 
     </span>
     <span class='ocr_line' id='line_1_45' title="bbox 226 4196 1339 4270; baseline -0.002 -18"><span class='ocrx_word' id='word_1_449' title='bbox 226 4212 279 4263; x_wconf 78' lang='lat' dir='ltr'><strong>qua</strong></span> <span class='ocrx_word' id='word_1_450' title='bbox 289 4196 375 4248; x_wconf 83' lang='lat' dir='ltr'><strong>idem:</strong></span> <span class='ocrx_word' id='word_1_451' title='bbox 402 4200 456 4252; x_wconf 83' lang='lat' dir='ltr'><strong>‘Et</strong></span> <span class='ocrx_word' id='word_1_452' title='bbox 467 4200 560 4266; x_wconf 84' lang='lat' dir='ltr'><strong>Stygio</strong></span> <span class='ocrx_word' id='word_1_453' title='bbox 576 4217 632 4253; x_wconf 90' lang='lat' dir='ltr'><strong>sum</strong></span> <span class='ocrx_word' id='word_1_454' title='bbox 649 4218 738 4268; x_wconf 88' lang='lat' dir='ltr'><strong>sparsa</strong></span> <span class='ocrx_word' id='word_1_455' title='bbox 756 4206 826 4270; x_wconf 87' lang='lat' dir='ltr'><strong>lacu,</strong></span> <span class='ocrx_word' id='word_1_456' title='bbox 846 4218 894 4255; x_wconf 89' lang='lat' dir='ltr'><strong>nec</strong></span> <span class='ocrx_word' id='word_1_457' title='bbox 912 4209 987 4254; x_wconf 89' lang='lat' dir='ltr'><strong>recta</strong></span> <span class='ocrx_word' id='word_1_458' title='bbox 1003 4202 1103 4268; x_wconf 88' lang='lat' dir='ltr'><strong>capillis</strong></span> <span class='ocrx_word' id='word_1_459' title='bbox 1113 4201 1187 4252; x_wconf 85' lang='lat' dir='ltr'><strong>Vitta</strong></span> <span class='ocrx_word' id='word_1_460' title='bbox 1198 4201 1261 4254; x_wconf 86' lang='lat' dir='ltr'><strong>data</strong></span> <span class='ocrx_word' id='word_1_461' title='bbox 1272 4199 1339 4251; x_wconf 57' lang='lat' dir='ltr'><strong>esu&#39;⁴</strong></span> 
     </span>
     <span class='ocr_line' id='line_1_46' title="bbox 226 4279 551 4337; baseline 0.015 -6"><span class='ocrx_word' id='word_1_462' title='bbox 226 4279 279 4332; x_wconf 79' lang='lat' dir='ltr'><strong>Sed</strong></span> <span class='ocrx_word' id='word_1_463' title='bbox 291 4280 370 4333; x_wconf 88' lang='lat' dir='ltr'><strong>reden</strong></span> <span class='ocrx_word' id='word_1_464' title='bbox 381 4282 415 4334; x_wconf 85' lang='lat' dir='ltr'><strong>ad</strong></span> <span class='ocrx_word' id='word_1_465' title='bbox 427 4289 551 4337; x_wconf 85' lang='lat' dir='ltr'><strong>nostrum.</strong></span> 
     </span>
    </p>
   </div>
   <div class='ocr_carea' id='block_1_5' title="bbox 0 0 1526 4950">
    <p class='ocr_par' dir='ltr' id='par_1_5' title="bbox 0 0 1526 4950">
     <span class='ocr_line' id='line_1_47' title="bbox 0 0 1526 4950; baseline 0 1"><span class='ocrx_word' id='word_1_466' title='bbox 0 0 1526 4950; x_wconf 95' lang='lat' dir='ltr'><strong> </strong></span> 
     </span>
    </p>
   </div>
  </div>
 </body>
</html>
