3042 4950
185 356 272 456 stol
541 402 571 454 r.
595 376 718 456 ninsn'
734 378 940 456 excursus

183 547 237 601 Sed
249 547 311 615 quid
327 547 432 598 alludo?
459 561 502 598 res
521 546 559 597 oie
577 546 709 599 sehabet.
743 545 823 598 Aliud
843 548 888 599 illo
906 563 961 599 arvo
980 547 1120 612 Denarius,
1137 545 1208 598 alind
1227 544 1290 600 deni

186 645 264 681 asser.
297 629 432 680 Perbella
449 629 574 680 videlicet
590 630 676 681 civilia
695 630 736 697 (et
756 631 880 680 sentimus
897 631 976 682 etiam
995 628 1076 697 nuuc)
1096 636 1215 680 creverat
1231 631 1289 681 auri

185 712 299 776 pretium
311 718 339 762 et
350 710 461 776 argenti.
500 710 592 778 Itaque
611 698 741 762 Denarius
753 725 810 761 xvi.
830 713 1035 777 prinnannus,
1054 712 1094 777 (et
1113 727 1161 777 pro
1179 712 1290 774 ratione,

157 794 160 799 '
186 792 322 845 sestertius
333 794 396 843 item
409 792 506 843 assibus
517 800 648 858 quattuor,
657 794 727 859 quod
739 809 772 844 ex
782 796 912 846 Maeciano
922 803 949 844 et
959 796 1077 845 Vitruvio
1089 793 1172 860 disco)
1183 793 1289 844 tandem

187 873 310 926 aestimari
321 888 374 924 ιιι.
385 875 483 939 erepit:
507 875 532 924 in
544 891 625 941 eoque
638 878 721 939 stetit,
732 875 844 940 Augusti
856 884 883 927 et
894 878 1055 943 sequentinm
1074 878 1173 944 aliquot
1185 867 1290 935 ‘Princi-

185 972 247 1022 pum
267 971 331 1007 aevo.
362 950 431 1009 'Q'no
449 958 620 1019 argumento?
645 957 721 1008 Claro
738 957 878 1023 quideme
897 959 955 1008 loco
974 959 1100 1023 Suetonii,
1117 964 1146 1009 ut
1164 973 1209 1010 nos
1229 948 1289 1006 emir

185 1037 379 1088 emendarimus
399 1038 538 1087 orchestrae
555 1053 607 1087 non
624 1038 703 1089 dubio
722 1053 860 1102 consensu,
879 1039 904 1088 iu
921 1041 1022 1092 Domit.
1043 1057 1101 1106 cap.
1112 1044 1137 1090 7.
1178 1041 1219 1089 Ex
1237 1052 1289 1104 qno

185 1120 293 1185 ciarum,
304 1135 410 1171 autenm
421 1121 529 1169 Romani
540 1119 628 1170 militis
648 1119 805 1183 stipendium
823 1119 903 1171 inisse
915 1121 941 1170 in
953 1132 1077 1171 meuses⁴
1095 1121 1134 1171 At
1145 1121 1166 1171 oi
1177 1135 1269 1170 aurens
1280 1135 1288 1168 ι

185 1217 247 1267 crgo
259 1217 309 1253 uon
320 1203 458 1275 plnsuxxr.
472 1201 594 1251 denariis.
626 1200 679 1251 Abi
695 1216 764 1252 urruc
785 1202 818 1252 ad
836 1203 1016 1266 urensularios,
1028 1208 1055 1252 et
1070 1203 1151 1253 reduc
1163 1201 1290 1251 donoalo

185 1285 254 1334 diem
266 1299 335 1335 asses
354 1283 404 1351 (ita
424 1289 454 1333 ut
470 1283 564 1333 mensis
582 1282 636 1332 dies
656 1283 752 1333 habeat
772 1280 892 1348 triginta)
913 1283 945 1333 ad
963 1284 1084 1333 denarios
1096 1297 1164 1333 xxv.
1176 1282 1292 1347 reperies

184 1367 329 1417 Denariunr
340 1366 424 1431 ipsum
437 1365 584 1430 planissime
595 1367 705 1416 valuisse
717 1366 854 1416 duodecim
866 1381 944 1416 asses.
978 1366 1049 1418 Quid
1067 1381 1130 1430 ergo
1148 1363 1259 1428 miraris,
1269 1363 1291 1413 si

183 1447 278 1497 milites
290 1462 338 1512 pro
350 1447 423 1497 denis
435 1447 535 1497 assibus
547 1447 680 1498 denarium
692 1454 801 1513 petant:
826 1455 856 1498 ut
875 1448 987 1514 quinque
1007 1446 1110 1497 seilicet
1127 1444 1246 1495 denarios
1262 1444 1290 1493 in

184 1542 299 1578 mensem
311 1527 408 1578 faciant
418 1529 502 1578 lueri?
518 1528 556 1578 At
568 1530 665 1580 acriter
676 1531 701 1579 in
713 1531 779 1580 hanc
791 1530 947 1580 seutentiam
961 1537 1058 1594 pugnat
1069 1529 1138 1578 Plio.
1149 1539 1253 1577 xxxin.
1265 1528 1290 1575 θ.

185 1610 229 1673 qui
250 1609 287 1659 ait
304 1609 331 1659 in
349 1609 453 1659 militari
470 1609 602 1674 stipendio
621 1626 723 1675 semper
744 1611 877 1661 denarium
895 1626 943 1676 pro
962 1611 1054 1661 decem
1071 1608 1170 1659 assibus
1188 1606 1289 1656 datum.

184 1691 300 1754 Pugnet,
317 1705 363 1754 ego
383 1705 441 1740 enm
461 1696 515 1740 tam
538 1692 702 1757 tranquillum
719 1691 921 1756 reddam,qnam
933 1691 1024 1742 alcedo
1036 1691 1187 1740 eliminare.
1220 1689 1290 1738 Nam

185 1772 285 1822 Plinius
302 1773 404 1839 quidem
422 1773 499 1836 plane
518 1788 534 1822 a
552 1787 593 1823 me
612 1779 660 1824 est.
694 1775 742 1836 Ea,
753 1773 846 1838 inquit,
863 1773 988 1824 severitas
1008 1772 1151 1836 disciplinae
1170 1768 1291 1819 militaris

185 1851 245 1915 mit,
255 1859 285 1903 ut
296 1868 449 1919 qumquam
457 1853 562 1917 ,denarii
574 1854 659 1918 pretio
671 1855 765 1918 sepius
776 1860 863 1914 arieto,
875 1854 949 1903 miles
965 1859 1051 1903 tamen
1068 1852 1131 1901 nihil
1147 1850 1208 1899 inde
1220 1862 1289 1898 com·

184 1934 254 1984 modi
264 1935 391 1995 senserim
415 1934 461 1984 sed
473 1934 583 1997 proinde
600 1934 638 1983 illi
649 1934 675 1983 in
687 1934 847 1999 stipendium
858 1935 978 1985 denarius
997 1933 1163 1999 processerit,
1180 1930 1251 1997 quasi
1268 1928 1290 1979 si

184 2023 255 2066 esset
266 2021 367 2066 tantum
379 2016 473 2065 assium
484 2016 588 2066 denum.
622 2015 662 2067 Eo
681 2018 761 2067 Plinii
781 2032 870 2068 mens:
896 2024 941 2067 aut
960 2016 982 2066 si
1000 2017 1059 2076 alia,
1077 2015 1110 2065 de
1129 2014 1214 2079 prisea
1232 2010 1289 2075 rep.

184 2097 274 2162 sensit,
285 2113 336 2147 uon
357 2097 390 2148 de
408 2098 456 2147 hae
469 2095 620 2161 Augustaea.
653 2098 742 2148 Simile
755 2113 857 2162 prorsus
868 2104 930 2148 ante
941 2084 1022 2147 annos
1035 2110 1131 2160 paucos
1142 2094 1252 2144 vidimus
1263 2093 1290 2141 iu

184 2180 257 2244 urbe,
276 2179 377 2229 urbium
389 2180 480 2229 ocello.
513 2180 627 2244 Hispani
641 2181 730 2231 militis
742 2181 768 2231 iu
781 2181 911 2246 petulanti
929 2181 974 2229 illo
992 2179 1117 2229 seditione
1129 2175 1289 2241 praecipuum

184 2261 342 2325 postulatum
355 2259 415 2322 fuit,
426 2266 456 2310 ut
465 2259 564 2311 Aureus
575 2262 601 2310 iu
614 2262 725 2312 solutum
738 2262 871 2326 acciperet
881 2262 967 2326 prisce
979 2260 1161 2319 estimatione,
1177 2258 1230 2305 non
1239 2257 1290 2304 hae

183 2342 276 2406 grandi
289 2357 347 2407 quae
360 2341 504 2392 obtinebat.
539 2344 564 2393 N
567 2358 597 2392 cc
606 2343 773 2408 impetravit:
791 2343 906 2409 fecitque
919 2343 984 2393 lucri
996 2342 1087 2392 inauri
1098 2340 1182 2405 pretio
1193 2337 1270 2387 fiscus
1281 2353 1288 2385 ε

184 2422 253 2490 qnod
264 2423 324 2472 olim
335 2423 362 2471 in
374 2422 475 2487 argenti
486 2437 554 2489 resp.
566 2424 690 2476 Romane.
724 2425 808 2475 Porro
819 2415 887 2490 quod
908 2424 941 2475 ad
958 2423 1062 2475 modurn
1079 2424 1148 2472 hinne
1165 2416 1289 2485 stipendii

183 2506 279 2556 attinet
290 2522 296 2554 τ
323 2506 390 2555 scire
408 2506 472 2555 licet
483 2506 602 2556 eumdem
615 2506 802 2572 propemodum
812 2505 892 2556 luisse
903 2506 1013 2559 Graecis.
1046 2504 1171 2554 Doricum
1182 2501 1249 2552 enim
1260 2500 1288 2549 in

182 2602 285 2637 meuses
306 2586 486 2651 accipiebant:
512 2587 538 2637 id
551 2595 601 2653 est,
620 2601 668 2640 xx.
681 2588 832 2639 drachmas:
857 2588 883 2637 io
896 2587 1064 2651 expeditione
1076 2585 1148 2649 Cyri,
1160 2580 1291 2648 sesquide-

183 2669 264 2718 ricum
276 2663 453 2731 eirtorserunt,
464 2676 566 2719 tantum
577 2684 628 2720 non
640 2684 688 2734 per
698 2670 861 2719 seditionem.
894 2667 1074 2731 Xenophou,l.
1090 2680 1110 2715 1.
1127 2662 1183 2728 Περὶ
1198 2659 1290 2719 ἀναβό-

182 2766 242 2798 σειις
253 2748 337 2813 Κύρου.
369 2751 398 2798 ‘O
416 2752 489 2814 Κῦρος
507 2752 655 2814 ὑπισχνεῖται
664 2750 771 2813 ἡμιόλιον
781 2753 840 2800 πᾶσι
859 2748 943 2799 δώσειν
959 2745 987 2799 οὗ
1001 2746 1115 2813 πρότερον
1130 2744 1223 2808 ἔφερον,
1235 2743 1289 2793 ἀντὶ

182 2833 297 2896 δαρεικοῦ,
306 2832 360 2894 τρία
370 2830 505 2895 ἡμιθίρεικα
513 2834 558 2881 τοῦ
573 2832 646 2894 μηνὸς
655 2836 689 2895 τῷ
700 2832 849 2899 οτρατιῶτῃε
876 2832 955 2897 Cyrno
970 2829 1093 2895 promittit
1111 2827 1290 2892 nequinum

181 2911 297 2975 stipendii
312 2912 401 2977 prioris
412 2916 533 2977 :trecepti
544 2929 569 2963 se
578 2917 705 2964 dotorum:
726 2914 763 2963 ito
773 2918 801 2963 ut
814 2928 858 2977 pru
869 2913 961 2962 Dorico
971 2912 997 2961 is
1007 2924 1117 2972 mmrern,
1125 2905 1292 2971 sesqui-Dori·

180 3007 233 3041 oum
251 2994 384 3057 «reciperent
402 2995 502 3057 singuli.
546 2996 581 3045 Et
602 2995 692 3045 similis
714 2995 748 3046 de
769 2995 868 3046 Dorico
890 2999 1021 3045 menstruo
1042 2992 1123 3053 locus,
1144 3000 1195 3039 vn.
1213 2986 1291 3038 libro.

182 3074 278 3125 Melior
289 3090 352 3140 ergo
364 3066 480 3127 conditio
491 3077 581 3138 militis
593 3078 716 3129 Romani.

718 3275 753 3327 G.

215 3402 282 3452 Cre.
294 3406 333 3452 17.
366 3402 506 3454 Suetonius
524 3404 550 3454 id
568 3420 671 3471 qnoque
690 3406 722 3456 ab
739 3406 859 3472 Augusto
871 3399 928 3455 esse
940 3401 1065 3462 ostendit,
1081 3400 1128 3450 sed
1146 3397 1289 3476 obscurius,

181 3497 239 3547 cap.
250 3488 291 3533 49.
309 3485 317 3512 ‘
330 3483 461 3549 Quicquid
473 3484 568 3550 ubique
587 3486 698 3537 militurn
710 3493 790 3550 esset,
801 3488 834 3537 ad
854 3493 953 3537 certam
970 3482 1160 3548 stipendiorum
1172 3479 1290 3543 praemio·

180 3577 289 3630 rumque
306 3564 442 3616 formulam
463 3568 601 3618 astrinxit:
627 3567 751 3632 definitis,
764 3557 811 3633 pro
830 3568 910 3633 gradu
930 3566 1065 3630 quusque,
1082 3570 1110 3612 et
1128 3559 1288 3625 temporibus
1368 3596 1370 3599 -

179 3644 291 3709 militiae,
301 3654 329 3697 et
340 3649 479 3698 commodis
490 3649 657 3699 missionum:
684 3665 717 3700 ne
729 3657 774 3699 aut
794 3656 875 3700 atate
893 3656 937 3698 aut
956 3646 1044 3709 inopia
1063 3651 1123 3709 post
1141 3642 1289 3692 missionem

179 3725 305 3775 mlioitari
324 3728 358 3777 ad
375 3745 415 3777 rea
432 3744 510 3780 novas
522 3730 647 3794 possent?
680 3732 749 3782 Nam
761 3728 897 3780 commoda
907 3727 1064 3788 missionum,
1074 3727 1140 3774 haue
1153 3724 1289 3787 pecuniam

180 3807 294 3869 aceepit.
328 3810 379 3858 Sed
392 3810 531 3861 clarissime
541 3801 601 3876 Dio,
612 3813 630 3862 l.
643 3825 684 3862 nv.
697 3826 797 3862 summa
807 3811 885 3859 etiarn
897 3808 999 3873 praemii
1010 3819 1148 3871 expressa:
1171 3804 1289 3851 Χαλετὸς

179 3885 206 3937 δὲ
217 3887 246 3947 δὴ
256 3891 303 3938 τῶν
314 3895 463 3957 στρατιωτῶν
473 3895 530 3958 πρὸς
539 3893 584 3953 τὴν
593 3898 641 3945 τῶν
651 3894 730 3944 θθλιιν
740 3891 886 3955 σμικρθηντα
903 3890 941 3939 na
958 3887 1014 3937 roi:
1031 3884 1149 3946 πολέμους
1164 3880 1289 3932 coierint

182 3969 339 4031 ίνεστηκίτας
357 3974 409 4037 οὐχ’
425 3976 511 4035 ἣκιστα
526 3977 638 4040 ἐχόντων,
650 3972 805 4037 καὶ-μηδενὸς
815 3973 856 4035 ἔξω
874 3973 917 4020 τοῦ
934 3965 1080 4031 τεταγμένον
1100 3967 1144 4023 τῆς
1162 3962 1290 4029 στρατείας

179 4051 248 4116 σφίσι
262 4052 349 4119 χρόνον
369 4055 434 4122 ὅπλα
452 4061 538 4115 λαβεῖν
549 4058 681 4120 ἐθέλοντος,
699 4056 824 4119 ἐψηφίσθη,
833 4056 883 4103 τοῖς
896 4052 940 4114 μὲν
949 4054 977 4101 ἐκ
985 4052 1029 4099 τοῦ
1040 4046 1192 4111 δορυφορικοΰ
1200 4058 1288 4096 τεηομ

178 4133 300 4198 Ικισχιλίας
311 4131 420 4201 ’δραχμὰς
439 4137 532 4200 ἐπειδὰν
543 4139 666 4187 ἑκκαίδεκα
677 4137 729 4198 ἔτη,
739 4138 790 4185 τοῖς
808 4133 834 4183 ii
845 4133 932 4198 ἑτέροις
950 4130 1085 4198 τρισχίλιαι
1102 4127 1203 4178 horidi·
1213 4127 1288 4177 είκσσι

115 4275 120 4284 1
178 4214 376 4280 στρατεύσοντος
387 4216 490 4267 δίδοσθαι
500 4238 506 4266 :
525 4220 586 4282 Corn
598 4221 685 4268 militer
693 4218 844 4281 premiorum
855 4216 1004 4275 tenuitatem,
1014 4216 1043 4261 ol
1054 4213 1179 4262 belluim
1190 4211 1286 4271 omn,

176 4294 351 4363 egreserrcut,
360 4313 403 4348 uec
413 4296 490 4358 sorite
500 4298 565 4361 quisq
571 4314 626 4348 unm
635 4302 706 4348 extro
714 4286 842 4363 dqlnuorn
851 4287 947 4346 induite
957 4293 1050 4358 tempas
1059 4299 1126 4342 ετιιια
1134 4301 1227 4342 aarum
1238 4290 1287 4339 ott·
