3042 4950
260 370 347 442 4560
577 386 609 441 c.
632 387 665 437 c.
688 385 817 437 raeiri
846 382 1061 439 narrrouou

261 555 274 580 *-
305 535 366 603 Gli
379 532 501 600 Annali
516 532 550 601 di
565 532 605 600 C.
621 532 778 602 Cornelio
791 534 924 613 Tacito,
946 533 1088 602 badotte
1112 535 1147 600 iu
1162 534 1277 620 lingua
1297 534 1365 602 lta·

261 643 353 710 liena
366 642 412 708 da
420 641 597 726 Giuseppe
612 637 834 706 Sansererino
849 640 885 704 di
900 638 1031 724 Signori
1041 637 1287 719 Marcellinara,
1297 647 1366 706 sto·

260 746 436 831 riographo
451 744 503 810 del
518 744 554 809 S.
570 742 620 809 M.
632 740 675 807 0.
689 741 974 811 Girosolimitano.
990 744 1034 809 10
1048 744 1113 811 vol.
1128 743 1204 810 Sao.
1219 741 1368 827 Neapoli

261 848 507 916 Elii-Hanc
520 847 703 914 versionem
721 852 833 914 textus
847 847 987 914 latiam
1001 847 1179 914 comitatur
1190 866 1268 915 cum
1282 860 1367 932 pau·

262 953 314 1021 eis
327 952 426 1017 notis.

307 1055 383 1122 Caii
397 1053 541 1120 Cornelii
556 1052 667 1120 Taciti
679 1050 803 1138 Opera,
818 1073 862 1119 ex
874 1052 1019 1119 editione
1033 1051 1057 1120 J
1058 1074 1103 1119 er.
1113 1052 1189 1119 Jac·
1206 1050 1367 1134 Oberlini,
1483 1122 1485 1151 ἲ

264 1158 381 1225 sedula
405 1157 595 1223 recensione
624 1165 793 1236 accurata,
817 1157 938 1240 quibus
965 1163 1179 1223 accesserunt
1201 1155 1369 1222 Gabrielis
1484 1162 1485 1165 ’

265 1260 419 1327 Brotierii
434 1261 687 1346 Supplementa,
711 1280 788 1326 cum
813 1261 974 1345 locupleti
994 1259 1116 1338 indice,
1137 1259 1371 1325 tivol.12mo.‘
1484 1304 1485 1313 .

264 1365 380 1534 IloTnlle
396 1363 576 1554 ligigmmy
605 1470 671 1535 and
696 1468 860 1552 Agricola
876 1467 922 1533 ‘oi
942 1465 982 1533 C.
1010 1466 1186 1532 Cornelius
1213 1465 1366 1544 Tacitus,

261 1571 349 1638 from
373 1570 643 1650 Broticr’sTert,
658 1571 738 1636 with
760 1571 807 1636 all
827 1571 882 1635 his
897 1567 1148 1648 Observations,
1165 1568 1286 1649 Notas,
1302 1568 1369 1634 and
1484 1640 1485 1659 ἦ

264 1673 510 1752 Emendations,
536 1673 651 1738 edited
671 1673 718 1758 by
743 1672 783 1738 E.
807 1672 855 1738 Η.
874 1671 1011 1738 Butler.
1039 1672 1130 1737 Edit.
1157 1671 1368 1738 2da.12mo.

265 1774 372 1842 Loird.
394 1776 491 1842 1818.
535 1775 772 1842 Nullahorum
786 1776 972 1841 libellorum
988 1775 1103 1854 editio,
1125 1781 1244 1862 praeter
1268 1775 1368 1863 hanc,

264 1879 420 1945 Brotierii
434 1880 680 1945 observationes
693 1881 801 1946 textui
823 1879 1029 1965 subjunctas,
1047 1899 1209 1945 unacum
1230 1883 1369 1943 annota-

264 1983 411 2049 tionibus
425 1989 460 2046 et
471 1981 768 2063 emendationibus,
783 1984 848 2047 sub
857 1982 956 2047 finem
969 1981 1067 2060 datis,
1080 1982 1234 2060 continet,
1245 1998 1369 2063 nempe

265 2085 444 2170 separatim
457 2085 500 2149 ab
514 2085 590 2149 aliis
601 2084 714 2150 Taciti
729 2086 901 2171 operibus.

309 2185 385 2252 caii
400 2170 544 2251 Cornelii
559 2186 673 2254 Taciti
698 2186 870 2271 Agricola,
894 2187 1057 2265 Deutsch,
1079 2186 1140 2252 mit
1166 2184 1370 2253 Rechtferti-

266 2307 395 2374 gangen
408 2310 478 2354 von
490 2290 577 2355 Lud.
592 2291 804 2357 Doederlein.
825 2291 903 2357 8vo.
918 2291 996 2375 maj.
1012 2290 1116 2355 Arov.
1131 2289 1227 2355 1818.

308 2391 450 2458 Tacitus
475 2393 517 2458 de
541 2394 696 2459 Moribus
719 2393 831 2459 Germ.
854 2400 887 2459 et
915 2394 958 2458 de
978 2392 1062 2458 Vita
1083 2389 1266 2476 Agricolae,
1290 2408 1370 2457 cura
1483 2466 1484 2484 χ

266 2493 410 2562 Belban.
455 2497 706 2583 Geograpbicas
720 2497 821 2562 habet
843 2496 983 2562 Charias
1009 2501 1044 2561 et
1069 2495 1216 2580 sequitur
1240 2499 1369 2561 textum
1483 2505 1484 2516 ³

267 2599 525 2681 Brotierianum,
546 2600 646 2665 Cant.
667 2598 765 2666 1818.
1483 2619 1484 2688 .

309 2701 414 2768 Caius
430 2701 605 2769 Cornelius
619 2701 770 2781 Tacitus,
794 2702 925 2785 qualem
941 2703 1030 2767 omni
1053 2706 1148 2787 parte
1171 2700 1370 2767 illustratum
1483 2705 1484 2756 1

265 2810 435 2888 postremo
451 2806 638 2890 publicarit
650 2804 719 2870 Jer.
734 2805 756 2870 J
759 2826 810 2870 ac.
827 2805 976 2884 Oberlin‚
1000 2807 1053 2871 cui
1068 2805 1263 2887 posthumus
1278 2802 1369 2888 ejus-

266 2904 343 2970 dem
370 2908 603 2973 annotationes
631 2912 665 2971 et
693 2907 819 2973 selecta
842 2909 1008 2973 variorum
1034 2907 1257 2972 additamenta
1288 2906 1369 2972 sub·

261 3008 378 3093 junxit
391 3008 414 3072 J
417 3029 467 3073 os.
483 3008 632 3087 Nandet,
655 3029 698 3074 ex
713 3008 824 3093 Regia
849 3010 1112 3095 Inscriptionum
1128 3016 1161 3075 et
1183 3009 1369 3075 Literarum

267 3107 453 3176 Academia
478 3113 512 3176 in
537 3111 697 3177 Instituto
723 3110 869 3177 Gallico.
892 3115 914 3178 8
937 3115 1003 3179 vol.
1028 3114 1103 3179 avo.
1137 3112 1234 3177 1819.
1277 3112 1368 3178 Haec

267 3213 371 3279 editio
387 3221 438 3281 est
456 3234 534 3299 pars
551 3213 781 3279 classicorum
796 3215 830 3278 in
842 3217 925 3281 serie
939 3217 1162 3299 vulgatorum,
1185 3216 1242 3279 cui
1256 3215 1369 3279 titulus

268 3320 331 3393 est,
356 3315 593 3399 Bibliotbtque
612 3315 789 3399 classique
812 3315 942 3396 Latine,
964 3338 1008 3382 ou
1024 3317 1210 3383 Collection
1225 3317 1285 3383 des
1298 3315 1369 3381 Au·
1482 3371 1483 3404 ,

266 3421 357 3482 teurs
382 3415 574 3500 Classiques
598 3417 723 3496 Latius,
747 3438 831 3519 avec
854 3420 915 3485 des
941 3417 1205 3487 commentaires
1231 3421 1368 3486 ariciens
1482 3461 1483 3492 ,

266 3528 300 3585 et
325 3540 516 3600 nouveaux,
539 3521 597 3584 des
623 3519 734 3584 Index
760 3524 935 3607 complets,
962 3523 993 3588 le
1013 3525 1152 3608 pertrait
1177 3525 1218 3588 de
1241 3524 1368 3606 chaque
1482 3515 1483 3536 ¹

267 3628 393 3702 auteur,
417 3625 476 3690 des
491 3629 600 3688 cartes
615 3624 890 3708 geograpbiques,
904 3628 964 3690 &a
988 3628 1121 3708 publiea
1139 3646 1202 3710 par
1224 3625 1367 3692 Nicolas

266 3725 345 3790 Elui
361 3725 522 3790 Lcmaire.

311 3827 500 3911 Scriptores
528 3829 686 3909 Romani,
720 3831 792 3895 sire
817 3830 948 3896 Selecta
969 3851 1015 3897 ex
1036 3832 1074 3897 C.
1097 3833 1231 3913 Tacito,
1252 3835 1313 3899 iac.
1334 3830 1368 3895 iu

267 3947 366 3994 usum
390 3930 523 3996 Scholoe
549 3932 749 4000 Etonensis:
772 3936 807 3997 ct
829 3931 913 3999 ibid.
938 3932 1126 4003 Gonuiones
1139 3942 1174 4003 ct
1194 3934 1367 4002 Orationes

267 4049 313 4106 ex
328 4031 510 4098 Historicis
524 4033 666 4100 Latinis.
