3042 4950
232 370 320 441 4648
540 388 574 437 c.
592 386 626 435 o.
649 384 780 434 rietur
807 386 1027 441 rnrurorrurr

389 675 493 745 codo
506 679 542 745 in
559 676 713 747 Bibliott.
730 679 991 769 Arctiepircopal.
1022 680 1190 752 lambert.

277 833 321 900 In
338 831 552 901 Bibliotheca
565 833 825 922 Archiepiscopi
847 833 1081 902 Cautuoriemir
1095 838 1270 905 lambeth·
1291 845 1347 907 eet

235 1040 371 1108 Tacito.

638 1364 937 1381 Μ

413 1559 581 1630 uncini
590 1563 886 1639 EDI'I'IONUM
909 1565 1160 1636 REGENSUS

565 1763 1006 1846 coNu‘lNUA'rlo,

286 1986 593 2056 meutiemini,
610 1989 705 2043 Quis
723 1989 1066 2045 Pmmnlsssnurtu
1080 1984 1295 2053 nleort'rntl,

622 2085 937 2142 ADDITAMENTUM.

694 2298 873 2323 mnemon

232 2477 291 2546 Uu
312 2477 423 2545 Taciti
444 2479 580 2547 codices
601 2485 679 2546 sunt
698 2479 781 2559 ruri,
806 2479 856 2544 sic
882 2477 984 2560 etiam
1013 2477 1187 2558 editiones,
1210 2477 1338 2564 antiqui

231 2584 350 2650 saltem
364 2585 527 2667 nominis3
548 2584 745 2649 recentiores
759 2582 850 2647 enim
863 2581 1043 2647 abundant.
1080 2580 1194 2646 Editio
1208 2580 1339 2647 Veneto

231 2686 330 2754 1484.
343 2707 365 2752 e
375 2686 550 2754 Maittario
563 2695 746 2752 memorato
764 2684 819 2772 (ut
833 2685 1005 2771 Bipontini
1015 2684 1088 2771 jam
1101 2682 1282 2769 notamini),
1304 2687 1340 2749 at

230 2790 302 2855 sine
316 2795 453 2856 anctore
467 2795 528 2855 aut
540 2795 635 2871 teste,
650 2792 694 2855 ab
711 2790 866 2874 Emestio
880 2789 1046 2874 rejicitur:
1069 2807 1111 2852 ea
1124 2787 1226 2852 etiam
1241 2787 1338 2853 1494.

228 2891 352 2957 nemini
380 2898 504 2978 praeter
533 2893 651 2978 lipsio
678 2893 765 2972 visa,
788 2898 965 2978 propterea
990 2890 1082 2957 facte
1109 2887 1338 2974 estEmestio

230 2991 346 3059 dnbio.
392 2993 546 3060 Romana
565 2994 667 3060 editio
685 2995 785 3061 1485.
804 2995 847 3059 ab
861 2993 1018 3061 Ernestio
1030 2991 1192 3075 rejicitur,
1208 2992 1253 3056 ab
1268 2990 1338 3056 Au·

229 3093 381 3162 diffredio
409 3115 475 3161 non
498 3102 708 3176 memoratur,
734 3098 769 3161 ni
792 3097 913 3163 fictitie
940 3097 999 3162 illa
1023 3095 1121 3161 1485.
1148 3093 1265 3159 eadem
1293 3093 1338 3162 sit

228 3196 338 3282 (quod
364 3198 499 3284 quidem
523 3196 738 3285 conjicimus)
758 3219 835 3291 curn
857 3199 930 3284 ejus
949 3197 1191 3267 8081141495.ι
1214 3196 1257 3262 de
1271 3214 1338 3284 qua

228 3303 404 3385 posteriori
416 3301 654 3367 ‘litaboschins
668 3301 770 3366 dubie
782 3308 815 3368 et
829 3300 967 3368 contuse
982 3301 1153 3386 loquitur.²

271 3400 416 3470 Restant
440 3404 540 3488 igitur
562 3404 639 3469 duae
659 3408 788 3470 tontum
801 3401 963 3469 editiones
978 3422 1116 3488 operum
1129 3399 1244 3467 Taciti
1259 3420 1336 3487 quae

226 3522 289 3589 pro
303 3511 393 3571 certo
406 3505 572 3590 primariae
588 3505 751 3585 dicontur,
764 3510 879 3589 utpote
893 3506 1011 3571 saeculi
1027 3522 1106 3582 xu,
1117 3524 1239 3588 nempe
1255 3504 1335 3570 edit.

224 3605 381 3695 princeps
396 3610 541 3688 Veneta,
556 3629 616 3693 per
634 3607 852 3674 Vindelinnm
867 3608 1014 3693 spiram,
1038 3606 1137 3684 1468,
1153 3612 1187 3672 et
1202 3605 1336 3672 Medio·

224 3706 372 3778 lanensis
400 3713 574 3779 Francisci
601 3712 791 3778 Puteolani.
831 3711 965 3777 Veneta
992 3711 1080 3776 enim
1105 3709 1208 3775 editio
1235 3708 1335 3775 1497.

720 3873 833 3925 NOTAE

257 3981 349 4034 lVid.
361 3984 447 4034 Cetei.
459 3986 566 4039 Roman.
577 3989 654 4039 editt.
664 3989 756 4038 saeculi
796 3986 952 4054 Fabricius),
979 3991 1046 4041 hunc
1073 3990 1215 4041 Romnum
1233 3987 1334 4057 (1495.)

224 4069 272 4109 xv,
280 4073 305 4123 p.
316 4063 374 4110 316.
393 4062 481 4111 ,Recte
493 4062 543 4113 itiic
555 4064 667 4114 dicitur:
684 4066 754 4114 ‘Vo-
796 4063 913 4115 omittit!

223 4134 321 4185 lumine
332 4137 416 4186 attero
428 4153 481 4186 nuae
501 4137 674 4205 bibliothecae,
691 4141 755 4192 edit.
829 4144 846 4191 2
861 4140 950 4190 Storia
959 4141 1029 4195 dello
1039 4132 1201 4197 Litternture
1210 4142 1332 4208 Italiae,

224 4208 370 4276 Hrmbnrg.
387 4216 460 4263 1721.
478 4229 505 4277 p.
516 4217 574 4264 ⁷52.
590 4216 635 4265 ubi
653 4232 757 4267 recuru-
795 4219 871 4270 Tem.
881 4230 913 4267 11.
925 4221 1018 4280 pere.

222 4284 275 4337 tine
303 4286 434 4341 editiones
461 4289 548 4342 Taciti
572 4300 691 4343 recenset
716 4294 755 4361 (n.
