3042 4950
503 388 544 438 ru
569 389 644 440 nun.
669 389 727 437 tlt.
750 389 972 440 tunsurus.
1195 377 1283 443 4475

175 530 249 598 apud
259 545 324 598 quoa
335 528 437 594 ὀμμίοο
447 529 529 595 ζημία,
550 531 602 583 imu
616 531 741 596 ὀψιγαμίου
748 533 788 583 καὶ
798 532 951 596 κακογαμίου,
960 541 989 584 ut
1001 540 1076 585 rotat
1086 535 1190 586 Pollux.
1224 537 1282 587 Nec

176 619 265 664 tanen
277 614 333 677 iege
343 612 440 678 aliquid
451 620 558 664 mutum
570 615 674 677 reperio
687 631 693 663 :
713 614 761 663 uisi
773 613 841 678 qnod
854 616 885 669 C,
906 615 994 665 Caesar
1004 621 1063 679 post
1075 615 1170 665 bellum
1182 614 1284 667 Africa·

176 708 250 757 nunu,
268 696 432 745 vehementer
443 696 569 745 exhausta
591 695 665 756 utba,
681 697 790 760 praemia
800 696 937 760 proposuit
954 696 1281 749 multitudinilibcrorumt

178 775 258 840 idque
270 774 416 826 Praefectus
425 790 535 840 morum,
546 781 575 825 et
584 776 655 841 qnasi
669 777 776 826 Censor.
810 776 862 826 Dio
879 789 959 828 xrnrr.
972 777 1065 837 'Eroti
1074 797 1103 827 τε
1113 779 1175 838 δεινὴ
1186 778 1283 842 imur·

177 855 275 920 sparta,
296 856 334 906 tva
346 855 376 905 rb
387 859 435 906 τῶν
450 857 608 907 ἀπολωλότων
622 860 721 920 πλῆθος,
731 858 763 907 r‘vs
777 855 804 907 ἔκ
814 875 842 906 τε
852 861 899 907 τῖον
909 858 1052 923 ἀπογραφῶν
1068 859 1119 924 (rui
1133 860 1180 923 γὰρ
1194 861 1283 915 ἐκείνου

177 936 210 987 τό
229 957 258 987 τε
275 937 341 988 ἄλλα
363 939 441 1003 ὅπερ
459 957 496 989 rrs
513 939 613 1000 τιμητὴς
628 937 736 1003 ἐποίησε)
756 937 796 988 sni
817 938 844 987 ἐκ
860 941 903 996 τῆς
921 938 994 1002 ὄψιος
1013 941 1085 998 αὐτῆς
1104 940 1234 1005 ἠλέγχετο,
1244 940 1283 1004 ἦν,

177 1019 334 1071 πολυπαιδίας
354 1018 416 1072 ἆθλα
429 1019 560 1080 tritum:
579 1021 606 1071 id
628 1028 678 1084 est,
691 1022 726 1070 Et
746 1023 855 1084 quonium
875 1020 1012 1085 infrequens
1020 1024 1209 1073 udusodumnrba
1222 1029 1283 1087 erut,

174 1108 275 1169 propter
282 1118 393 1153 coesonm
402 1104 587 1167 multitudinem,
605 1106 665 1168 qnod
673 1119 704 1153 ex
714 1118 811 1153 reama
821 1104 891 1167 (eam
898 1109 979 1152 uatem
989 1109 1012 1152 et
1023 1103 1112 1168 reliquo
1122 1106 1184 1153 uelat
1194 1108 1283 1155 Cursor

171 1183 299 1247 faciebat)
308 1190 334 1235 et
344 1201 375 1235 ea
385 1187 435 1250 ipso
445 1191 538 1251 uspeda
545 1185 785 1247 asiruudcertebutar,
791 1185 823 1233 iia
830 1185 870 1248 qai
878 1187 965 1234 maltos
973 1184 1058 1234 liberos
1066 1185 1177 1234 haberent
1183 1187 1283 1250 ροοοοίο

174 1267 308 1329 munit.
341 1267 444 1318 Primus
454 1264 589 1330 Augustus
599 1281 668 1316 anno
680 1265 750 1315 urbis
759 1269 816 1315 736.
825 1271 925 1315 certam
935 1267 1021 1329 legem
1031 1267 1127 1329 posuit,
1137 1272 1165 1317 et
1175 1269 1284 1332 praemia

177 1360 321 1410 poenasque
334 1346 461 1397 distinxit.
495 1349 533 1396 Ea
545 1347 627 1409 dicta,
642 1345 767 1409 Julia,de
779 1345 931 1395 maritandis
950 1347 1095 1397 ordinibus:
1108 1363 1184 1412 qnam
1195 1355 1282 1399 taruen

177 1443 234 1491 pree
251 1427 419 1479 multitudine
440 1430 614 1481 recusantium
637 1427 755 1492 perferre
777 1442 828 1477 non
847 1428 943 1491 potnit,
959 1427 1007 1477 nisi
1025 1428 1147 1492 adempta
1169 1430 1282 1481 lenitaue

175 1516 255 1574 parte
273 1525 417 1574 poenarnm.
451 1511 527 1562 Hauc
553 1511 707 1574 Propertius
734 1508 865 1558 intellexit
890 1507 936 1557 lib.
960 1523 1003 1558 ur.
1020 1509 1134 1559 ‘Gavisa
1150 1520 1190 1562 est
1210 1519 1284 1563 certe

177 1591 310 1643 sublatam
332 1593 444 1656 Cynthia
466 1595 558 1657 legem,
570 1593 630 1645 Qua
645 1590 774 1657 quondam
787 1592 873 1641 edicta
883 1590 973 1640 flemus
982 1598 1093 1657 uterque
1102 1592 1147 1640 din
1159 1607 1165 1641 :
1184 1594 1226 1643 Ne
1237 1608 1284 1643 nos

177 1672 383 1738 divideret,’&c.
391 1675 475 1738 elegia
486 1675 531 1723 iila
542 1679 607 1725 tota.
640 1675 677 1724 Et
687 1674 813 1725 Horatius
823 1675 849 1722 in
859 1674 943 1722 Cantu
956 1673 1089 1723 saeculari:
1108 1675 1116 1702 ‘
1128 1679 1282 1740 patrumque

177 1755 326 1820 Prosperes
338 1756 448 1807 decreta
458 1771 537 1820 snper
551 1757 672 1821 jurandis
696 1755 819 1816 Feminis,
837 1755 967 1819 prolisque
979 1769 1052 1804 novae
1064 1753 1145 1805 feraci
1154 1756 1224 1820 Lege
1232 1771 1286 1806 ma·

175 1835 247 1885 rita.’
278 1836 330 1887 Ubi
348 1838 504 1889 Scboliastes
525 1844 616 1890 retus:
641 1839 718 1888 ‘Lex
744 1837 838 1887 marita
864 1836 971 1897 dicitnr,
999 1851 1057 1901 qnae
1083 1836 1116 1886 de
1133 1839 1283 1888 maritandis

92 1946 97 1955 .
176 1917 312 1968 ordinibus
324 1920 456 1981 latuerat,
474 1920 653 1984 quaesistis
665 1921 736 1970 dicta
747 1926 797 1970 est.
832 1919 920 1969 Caesar
931 1918 999 1967 euim
1012 1924 1071 1981 post
1083 1918 1177 1968 beilum
1197 1921 1282 1985 legem

178 1997 250 2059 tulit,
260 2000 350 2063 nequis
363 2007 410 2049 aut
420 2000 514 2051 caelebs
526 2009 604 2062 esset,
615 2008 660 2050 aut
671 2000 748 2050 vidua
766 1999 866 2063 nubilio,
884 2014 934 2063 quo
946 2005 1036 2062 posset
1046 2000 1284 2063 jacturajurenum

177 2080 372 2145 repararique
385 2081 458 2132 bellis
469 2082 587 2133 civilibus
599 2083 755 2157 contigerat.
790 2083 859 2132 Nam
871 2067 952 2145 prope
964 2081 1099 2145 octoginta
1109 2082 1189 2131 millia
1201 2098 1284 2133 arma·

176 2169 262 2211 torum
273 2163 445 2216 interierant!
477 2166 513 2214 Et
529 2165 563 2214 de
585 2165 676 2215 eadem
694 2166 721 2215 in
737 2164 804 2215 actis
822 2164 911 2227 ejusce
933 2166 994 2214 anni
1012 2164 1071 2226 Dio,
1092 2164 1136 2214 lib.
1156 2177 1211 2213 rav.
1222 2164 1283 2213 ‘ot'

176 2243 316 2305 amoma
324 2243 358 2294 τό
366 2263 395 2294 τε
406 2244 472 2295 ἄλλο
483 2245 646 2309 ἐνομοθέτησε,
657 2250 707 2297 τοῖς
720 2265 748 2296 τε
765 2245 864 2309 ἀγάμοις
879 2247 918 2296 sui
930 2249 982 2297 unis
1000 2245 1118 2310 ἀνάνδροις
1125 2244 1243 2310 βαρύτεροι
1251 2245 1285 2295 τὰ

178 2324 284 2387 denium
295 2325 402 2391 ἐπέταξε,
424 2327 576 2390 »calipsum
593 2331 637 2379 τοῦ
646 2348 674 2379 τε
685 2327 867 2392 γόμουκοὶτῆς
882 2327 1027 2377 παιδοποιΐας
1041 2326 1110 2377 dibu
1120 2326 1216 2386 iontem
1242 2328 1283 2377 Ex
1336 2320 1340 2325 ”

176 2408 272 2459 Dionis
294 2412 381 2461 uerbis
403 2412 511 2477 clarium,
530 2412 609 2463 etiam
625 2419 686 2463 ante
704 2427 794 2462 curam
816 2426 873 2461 caru
893 2410 975 2461 fuisse
993 2411 1131 2475 Angusto:
1157 2410 1195 2459 uit
1215 2410 1283 2460 euim

176 2490 467 2557 flupbnpurdtrrriptu:
490 2501 519 2545 et
541 2494 625 2559 addit,
647 2493 748 2555 ἔμπαλιν
768 2492 857 2553 ἔθηκεν.
890 2493 925 2542 Et
945 2506 995 2542 nou
1010 2493 1087 2542 dubie
1098 2492 1194 2557 aliquid
1205 2507 1284 2556 super

175 2590 250 2625 aare
262 2577 343 2651 latum
351 2577 378 2626 in
394 2577 449 2642 ejus
466 2585 542 2627 sexto
559 2579 702 2638 consulatu,
714 2577 787 2627 annis
795 2569 887 2626 decern
897 2580 967 2625 aute.
1000 2574 1098 2623 Suadet
1108 2574 1212 2623 Tacitus
1224 2574 1282 2625 bic:

174 2659 277 2709 ‘Sexto
285 2658 388 2708 demum
399 2660 533 2710 consulatu
542 2660 631 2711 Cesar
642 2659 775 2724 Angustus
784 2656 910 2721 potentiae
917 2669 1031 2718 securus,
1042 2670 1098 2720 quae
1110 2654 1284 2704 'triumviratu

175 2739 302 2802 jusserat,
311 2739 425 2790 abolevit
437 2757 444 2790 z
462 2738 663 2806 deditqnejura‚
673 2740 729 2805 quis
740 2753 807 2803 pace
817 2744 844 2787 et
856 2738 974 2803 principe
986 2729 1130 2786 uteremur}
1144 2737 1285 2787 acrioraex

179 2835 212 2871 en
232 2821 326 2885 vincla,
340 2820 417 2871 inditi
435 2820 556 2872 custodes
568 2842 576 2885 3
597 2827 625 2872 et
637 2823 694 2887 iege
709 2821 794 2884 Papia
804 2819 918 2885 praemiis
926 2817 1043 2880 inducti,'
1057 2821 1108 2867 &a
1140 2817 1192 2867 Sed
1203 2819 1285 2869 latum

178 2901 343 2964 imperfecte.
376 2902 470 2967 Capita
495 2902 562 2966 legis
588 2902 666 2954 Jnilae
693 2900 809 2952 fuerunt.
843 2899 890 2950 Uti
909 2900 1044 2950 libertinas
1070 2899 1166 2949 ducere
1189 2900 1285 2952 liceret

178 2982 308 3046 omnibus,
318 2989 414 3048 praeter
424 2984 570 3034 Senatores.
604 2984 650 3034 Uti
662 2984 813 3048 sponsiones
823 2983 1010 3048 pactionesque
1018 2983 1147 3047 nuptiales
1155 2997 1205 3031 non
1217 2983 1285 3032 ultra

179 3062 311 3112 biennium
333 3061 432 3114 differri
450 3064 495 3130 jus
511 3070 588 3114 esset.
622 3065 668 3115 Uti
691 3065 861 3115 divortiorum
880 3070 968 3114 certus
982 3071 1051 3113 esset
1061 3063 1152 3112 modus
1164 3080 1170 3112 ε
1182 3062 1284 3126 aliaque

181 3158 239 3209 quae
250 3145 471 3210 posteainlegctn
482 3146 593 3209 Papiam
611 3145 693 3196 mixta
704 3152 732 3195 et
743 3145 849 3196 inserta
881 3145 953 3197 dulia
972 3153 1161 3209 argutempore
1173 3157 1189 3193 a
1200 3142 1284 3207 Papia

178 3225 314 3277 distincta.
348 3228 489 3278 Praecessit
509 3228 577 3277 enim
600 3242 670 3278 xxv.
693 3228 782 3277 solidis
800 3226 884 3289 anuis,
905 3232 933 3275 et
948 3226 1072 3276 alucinati
1088 3224 1285 3275 concinnatores

177 3308 266 3371 legum
288 3310 333 3374 qni
350 3307 534 3360 confuderunt.
569 3310 637 3360 Dico
655 3309 769 3362 duliam:
783 3309 868 3360 verius
886 3306 1006 3369 fortasse,
1025 3307 1127 3358 Julius:
1155 3305 1216 3370 qnia
1234 3318 1285 3356 nou

178 3390 259 3439 semol
272 3396 311 3439 tot
323 3404 447 3440 annornm
456 3390 593 3440 intervallo
604 3391 696 3441 eadem
705 3392 737 3440 do
749 3406 778 3441 re
789 3392 869 3440 latum
881 3404 912 3438 ac
921 3392 1031 3438 relatum
1041 3404 1047 3436 :
1058 3387 1168 3452 ideoque
1180 3385 1285 3450 proprie

177 3469 295 3520 iucntuns
314 3471 431 3521 Tacitum
451 3485 557 3536 censeo,
572 3486 631 3523 cum
651 3470 694 3521 bic
713 3473 873 3531 πληθυντικῶς
884 3469 998 3533 scripsit,
1014 3461 1121 3532 Papiam
1138 3468 1287 3530 latampost

178 3552 264 3603 Julias
275 3554 433 3617 rogationes.

211 3633 278 3682 Lata
289 3643 376 3685 autern
388 3635 472 3700 Papia
481 3649 549 3685 anno
558 3634 630 3686 urbis
641 3639 699 3686 767.
711 3648 773 3683 sene
781 3635 836 3698 jam
848 3633 966 3696 Augusto
976 3650 982 3679 2
999 3637 1026 3680 et
1037 3631 1145 3692 lataper
1154 3630 1286 3678 Senatum.

177 3715 274 3780 Itaque
296 3723 323 3765 et
340 3730 434 3765 nornen
447 3715 621 3766 aconaulibus
639 3716 687 3777 llll,
707 3716 792 3780 Papio
812 3715 908 3765 Mutilo
930 3720 958 3768 et
978 3714 1010 3766 Q.
1027 3713 1144 3774 Poppaeo
1154 3708 1285 3760 Secundo.

179 3796 261 3846 Dicta
273 3797 342 3845 enim
354 3797 571 3861 PapiaPoppaea.
604 3795 718 3846 isidorus
727 3795 772 3848 lib.
784 3810 812 3844 v.
828 3796 836 3822 ‘
848 3794 902 3844 Sub
911 3794 1058 3845 Octaviano
1067 3793 1170 3842 Curare
1181 3788 1287 3840 suffecti

180 3878 306 3928 Consules
314 3878 412 3941 Papius
424 3885 452 3926 et
464 3877 596 3942 Poppaeus
608 3878 693 3941 legent
710 3878 836 3937 tulerunt,
846 3891 903 3940 quae
914 3891 930 3924 a
941 3876 1086 3924 nominibus
1099 3888 1186 3923 eorum
1201 3871 1288 3936 Papia

179 3966 208 4008 et
218 3954 338 4023 'Poppaea
348 3959 504 4022 nominatur,
513 3958 647 4007 continens
659 3959 769 4022 primurn
779 3957 885 4021 [censeo
897 3955 1095 4016 emendandum,
1103 3959 1209 4018 puram,
1225 3966 1285 4002 amn

181 4040 308 4104 scriptum
328 4041 430 4090 concise
454 4039 542 4104 fucrit,
560 4022 643 4105 M]
664 4041 771 4103 praemia
794 4053 841 4102 pro
858 4037 1028 4098 suscipiendis
1051 4034 1156 4085 liberis!
1188 4034 1286 4085 &nasa

179 4120 274 4170 iterum
292 4119 419 4183 serenda,
438 4122 562 4187 eTacito‚
581 4120 698 4186 duplex:
715 4118 876 4169 ‘incitandis
897 4117 1017 4168 caelibum
1037 4117 1128 4180 poenis,
1147 4112 1285 4166 attentio

180 4200 317 4267 sistendo:
348 4202 493 4256 incitandis
519 4204 611 4271 penis,
631 4203 659 4257 id
681 4209 732 4266 cat,
752 4199 894 4266 augendisr
922 4197 1122 4275 sinceramodo
1138 4194 1220 4248 lectio
1239 4193 1285 4246 sit.
