3042 4950
243 383 332 451 4466
609 396 640 448 r.
663 395 777 447 urrsrr
801 394 1001 447 excussus

245 552 340 610 cmm,
358 543 423 608 sire,
448 542 576 609 mm]
603 556 670 610 aqua
689 548 718 592 et
735 541 789 606 igni
818 541 1000 607 interdicatur,
1019 540 1154 606 nmuhqne
1173 541 1242 593 bona
1261 554 1352 593 eornm

239 626 427 693 publicentur:
440 626 514 676 etsie
526 631 630 674 eternus
639 623 753 687 gentium
765 622 808 688 qui
819 623 841 671 si
852 623 878 672 id
890 621 993 687 fecerit,
1003 623 1030 672 in
1041 638 1100 674 eum
1111 623 1354 675 animadvertatur!

240 709 314 758 ¹Dico
325 707 467 757 Domitium
483 706 628 771 intelligere
647 707 689 756 Sc.
708 706 757 754 lroc
776 705 870 769 ipsum.
903 703 940 754 At
952 705 1019 755 euim
1037 706 1079 755 ille
1099 703 1183 756 refert
1195 706 1228 756 ud
1240 707 1354 772 Pompo·

241 789 317 841 -nium
329 796 357 840 et
368 787 462 839 Rufum
475 788 547 838 Coss.
568 788 616 837 lroc
627 794 713 837 autem
725 801 792 835 auno
803 787 903 836 Taurus
925 792 953 836 st
972 785 1037 835 Libo
1055 787 1126 835 Coss.
1146 783 1259 838 fuerunt.
1292 790 1353 839 Non

241 874 295 924 laon
306 886 410 934 nouum,
421 879 451 920 ut
460 871 529 920 iuter
540 870 680 934 scriptores
692 870 751 919 anni
763 869 836 918 unius
848 869 985 921 discrimen
997 869 1039 918 sit
1074 868 1168 918 Coelius
1180 869 1250 919 euim
1263 868 1355 935 Rufus,

247 962 276 1006 et
293 955 322 1005 L.
335 953 503 1019 Pomponius,
524 951 646 1001 Consules
666 950 774 1002 fuerunt
791 952 911 1018 sequenti
929 952 997 1002 lrnuc
1017 964 1093 1000 anno.
1127 949 1210 1000 Addit
1226 952 1354 1016 Ulpianus

249 1037 309 1100 ulia,
325 1051 383 1102 quas
400 1035 433 1084 ad
450 1032 624 1098 cognitionem
640 1033 730 1085 istam:
747 1034 916 1099 ‘Saepissime
933 1034 1044 1100 danique
1056 1033 1225 1084 interdictum
1236 1041 1277 1085 est
1295 1034 1354 1085 fere

249 1118 282 1170 ab
293 1117 411 1168 omnibns
423 1114 590 1181 principibus,
601 1115 702 1180 nequis
713 1115 815 1165 omnino
826 1114 971 1180 hujusmodi
983 1116 1090 1179 ineptiis
1102 1130 1130 1165 se
1140 1115 1309 1166 immisceret:
1326 1122 1356 1167 et

248 1198 321 1250 varie
332 1198 417 1263 puniti
429 1204 489 1246 sunt
499 1196 524 1245 lsi
533 1196 576 1260 qui
596 1195 622 1245 id
633 1203 815 1260 exercuerunt,
833 1211 882 1260 pro
899 1211 1018 1247 mensura
1029 1197 1129 1247 scilicet
1139 1202 1167 1247 et
1185 1196 1355 1248 consultatio·

241 1281 288 1333 «nis
312 1279 441 1346 [legerim
460 1279 555 1328 sceleris
575 1285 599 1327 et
620 1278 804 1341 consultationis,
826 1278 867 1328 rel
886 1278 993 1328 inductu
1010 1279 1113 1343 copula,
1133 1279 1224 1329 scilicet
1241 1280 1356 1331 musello.

248 1363 343 1428 tionis}
376 1361 444 1412 Nam
462 1361 505 1425 qui
517 1360 549 1409 de
561 1359 693 1423 Principis
706 1361 798 1423 salute,
809 1358 896 1424 capite
914 1359 999 1424 puniti
1016 1368 1085 1424 sunt,
1104 1359 1144 1410 vel
1160 1374 1212 1424 qua
1230 1360 1281 1409 alia
1300 1375 1356 1424 gra.

250 1449 322 1498 uiore
334 1459 410 1511 poeno
421 1442 534 1494 adfecti!
566 1443 628 1493 Non
638 1442 754 1492 omittam
771 1444 902 1493 oraculum
914 1442 994 1493 nostri
1007 1442 1081 1505 vatis,
1093 1441 1126 1490 de
1143 1440 1182 1490 his
1201 1442 1272 1492 ranis
1291 1441 1358 1492 vati.

250 1529 313 1579 bus:
330 1524 530 1577 ‘Mathematici
542 1537 623 1588 genus
633 1522 764 1572 homiuum
775 1522 924 1587 potentibus
943 1522 1060 1586 iutidnm,
1078 1520 1241 1587 sperantibus
1257 1522 1355 1575 talias:

249 1609 318 1677 quod
328 1609 356 1660 in
367 1607 474 1659 civitate
485 1611 575 1655 nostra
585 1612 614 1654 et
625 1603 756 1654 vetabitur
774 1617 886 1669 semper,
897 1609 926 1654 et
937 1604 1110 1656 retinebitur!

784 1802 822 1855 H.

238 1974 241 1983 .
285 1937 352 1990 (lus.
363 1941 404 1988 82.
421 1937 540 1997 Plautus,
552 1935 560 1962 ‘
572 1933 651 1984 credo
672 1947 720 1997 ego
737 1933 804 2000 istoc
824 1934 942 1998 exemplo
959 1932 1013 1984 tihi·
1025 1935 1088 1985 Esse
1106 1935 1219 1985 eundum
1239 1940 1356 1987 actutum

252 2026 327 2070 extra
345 2025 456 2084 portam,
473 2015 593 2080 dispessis
612 2013 729 2063 manibus
739 2013 890 2064 Patiltulum
903 2029 979 2079 quoru
991 2015 1114 2066 habebis?
1147 2016 1238 2081 ltaque
1255 2023 1283 2066 et
1299 2032 1357 2066 car·

249 2101 323 2152 uites
342 2098 498 2151 domicilium
517 2096 609 2147 habuit
631 2102 706 2145 extra
725 2096 825 2146 urbem.
859 2097 960 2160 Cicero,
980 2111 1028 2161 pro
1043 2097 1150 2148 Rabirio
1169 2098 1356 2162 perduellionis

251 2198 314 2234 reo:
330 2181 400 2232 ‘Sed
421 2184 564 2230 moreretur
583 2178 654 2242 prius
672 2177 839 2227 acerbissima
858 2185 942 2229 moute
964 2179 1056 2229 millies
1067 2179 1211 2242 Gracchos,
1230 2194 1306 2245 quarn
1327 2181 1355 2230 in

251 2265 307 2330 ejus
317 2263 441 2314 concione
458 2258 575 2310 carnifex
594 2258 766 2309 consisteret:
784 2275 860 2324 quem
880 2274 933 2309 non
949 2261 1025 2310 modo
1044 2259 1109 2323 foro,
1129 2262 1175 2310 sed
1193 2261 1271 2310 etiam
1290 2261 1356 2311 calo

251 2348 301 2396 lroe
323 2360 354 2395 ac
376 2343 468 2409 spiritu
488 2342 619 2393 Censoriae
646 2342 728 2405 leges,
750 2348 829 2406 atque
853 2342 924 2392 urbis
941 2343 1072 2392 domicilio
1091 2357 1180 2393 carere
1199 2341 1357 2392 voluerunt.5

250 2427 316 2479 Ideo
338 2426 456 2490 Plautus,
478 2428 573 2475 ‘extra
591 2429 692 2489 portam
713 2423 822 2473 Metiam
844 2424 999 2475 currendum
1018 2431 1060 2473 est
1082 2425 1161 2489 prius,
1180 2424 1274 2473 Lanius
1294 2423 1356 2473 lude

251 2524 383 2562 accersam
403 2508 452 2558 dno
475 2523 533 2558 curu
553 2505 751 2559 tintinnabulis!
784 2505 914 2569 Intelligit
926 2506 995 2556 enim
1005 2504 1150 2568 carnifices,
1161 2520 1269 2571 quorum
1279 2512 1357 2555 extra

243 2598 310 2642 'eam
320 2598 420 2655 portam
436 2589 537 2654 domus,
548 2588 580 2638 ad
598 2589 730 2639 solennem
746 2588 880 2652 suppliciis
900 2589 995 2638 locum.
1028 2586 1086 2636 Imo
1098 2594 1126 2637 et
1138 2587 1248 2637 Coriarii
1258 2601 1288 2636 ac
1299 2588 1358 2635 Vis·

246 2673 379 2738 pelliones
397 2670 463 2721 urbe
476 2671 595 2735 submoti,
617 2686 633 2720 a
651 2669 707 2735 pari
724 2684 823 2720 caussa.
855 2670 997 2721 Morticina
1011 2670 1080 2718 enim
1090 2675 1213 2718 tractant.
1246 2667 1359 2718 Artemi·

253 2754 331 2805 (lorus
350 2755 417 2804 libro
439 2768 459 2803 1.
480 2769 504 2804 c.
525 2767 586 2802 Lm.
605 2751 637 2800 ul
659 2751 684 2801 tl
704 2753 865 2815 βνρσοδεψεῖν,
883 2753 942 2799 πᾶσι
959 2748 1067 2813 πονηρόν·
1084 2751 1170 2813 νεκρῶν
1188 2749 1236 2812 ’γὰρ
1254 2746 1357 2798 dorsum

146 2836 150 2841 ’
232 2833 366 2902 ι,σωμάτων
385 2834 399 2881 d
418 2831 571 2896 capreolum,
588 2831 686 2890 καὶτῆς
706 2829 798 2881 πόλεως
819 2831 963 2893 Eudemus:
982 2832 1115 2881 Canariam
1137 2846 1254 2897 emerem,
1271 2832 1360 2880 mulum

252 2916 367 2965 omnibus.
401 2916 506 2978 Corpora
522 2914 583 2963 enim
599 2918 692 2962 mortua
702 2917 815 2962 attrectat
833 2915 910 2975 cerdo,
922 2914 1017 2976 ideamus
1030 2914 1060 2961 ob
1070 2912 1126 2963 uude
1136 2912 1272 2961 secluditur.
1306 2910 1358 2959 Sed

253 2996 317 3063 quid
339 3000 380 3045 est
399 2994 466 3060 quod
486 2995 595 3045 Tacitus
616 2995 659 3043 hic
678 2994 775 3045 diserte
791 2995 908 3046 nominat
925 2994 1103 3059 Esquilinam?
1119 3008 1169 3043 uon
1192 2992 1359 3043 temerarium

253 3083 310 3127 est:
328 3092 376 3127 nec
388 3076 465 3126 facile
476 3076 601 3139 reperies,
612 3082 642 3125 ut
653 3089 702 3139 ego
714 3089 817 3136 censeo,
833 3075 877 3125 ubi
897 3075 1019 3140 supplicii
1039 3090 1088 3140 res,
1109 3074 1235 3125 nominari
1256 3082 1359 3138 portum

253 3158 330 3208 aliurn
347 3174 353 3205 :
372 3157 421 3205 nisi
442 3162 530 3206 tamen
552 3156 670 3218 Metiam,
692 3161 722 3205 ut
746 3156 841 3205 iterum
864 3156 934 3220 apud
964 3156 1102 3207 Plautum:
1132 3156 1229 3206 ‘lllum
1252 3154 1355 3219 aedepol

253 3237 342 3288 videre
353 3236 489 3287 ardentem
509 3244 535 3287 te
555 3246 629 3287 extra
647 3244 750 3301 portam
770 3237 890 3300 Metiam,
908 3237 993 3287 Credo
1003 3244 1106 3287 ecastor
1117 3236 1202 3287 vella!
1234 3237 1286 3286 Sed
1298 3252 1360 3301 pro·

253 3318 326 3370 lecto
345 3333 403 3383 qun
426 3318 510 3367 Metia
527 3318 634 3380 Plauto,
652 3318 744 3367 eudern
766 3324 806 3368 est
825 3333 884 3368 curn
901 3319 1051 3383 Esquilina:
1079 3325 1233 3382 argumento
1255 3318 1306 3368 loci
1325 3319 1359 3369 de

254 3399 398 3464 suppliciis,
409 3406 462 3448 tum
480 3399 580 3448 numeri
597 3399 715 3464 situsque
734 3408 867 3462 portarurn
887 3400 966 3449 urbis.
998 3400 1083 3464 quue
1103 3407 1164 3450 ante
1176 3414 1217 3449 me
1229 3401 1359 3450 censuisse

252 3480 331 3534 audio
344 3479 482 3530 Octavium
501 3480 701 3545 Pantagathunr,
723 3483 805 3530 virunr
823 3496 955 3546 maguum,
972 3484 1063 3544 altum,
1074 3490 1102 3532 et
1124 3483 1167 3547 qui
1188 3497 1245 3532 esse
1265 3483 1358 3531 doctus

246 3562 364 3634 eligeret
379 3574 456 3626 quam
472 3560 564 3611 videri.
598 3561 669 3625 Non,
678 3562 791 3626 iuquam,
803 3563 918 3626 reperies
930 3563 1006 3613 aliam
1023 3564 1177 3613 nonuuatum
1189 3563 1222 3614 ab
1233 3564 1299 3625 istis,
1309 3562 1360 3611 nisi

253 3642 322 3696 forte
334 3643 461 3696 Collinam
479 3643 506 3692 in
518 3644 661 3694 Vestalium
682 3651 783 3695 morte:
800 3644 870 3710 quod
887 3644 959 3695 aliud
971 3659 987 3693 a
997 3645 1125 3708 supplicio
1136 3646 1250 3708 vulgato.
1283 3644 1361 3694 Facit

254 3723 289 3776 ad
300 3731 401 3788 portam
418 3725 587 3789 Esquilinam,
598 3726 667 3790 quod
683 3726 822 3775 Suetonius
839 3726 865 3775 iu
877 3725 987 3777 Claudio
997 3726 1118 3789 scripsit:
1135 3728 1143 3754 ⁴
1156 3726 1295 3777 Civitatem
1307 3726 1360 3774 Ro·

254 3819 356 3856 menum
366 3812 521 3867 usurpantes
530 3806 557 3856 in
568 3820 660 3870 campo
669 3807 804 3873 Esquilino
815 3808 899 3857 securi
910 3807 1037 3869 percussit
1043 3805 1059 3855 :'
1070 3806 1138 3871 quod
1151 3806 1285 3869 Horatius,
1295 3819 1360 3855 anus

252 3885 311 3937 illus
328 3886 455 3949 lapidatas
474 3887 501 3934 in
521 3887 643 3952 Esquiliis
663 3887 770 3952 abjicit:
787 3888 861 3936 ‘Vns
883 3886 959 3936 turba
977 3887 1080 3936 vicatim
1099 3886 1159 3936 irinc
1170 3892 1199 3935 et
1212 3887 1272 3936 hiuc
1289 3886 1361 3935 suuis

256 3973 347 4030 petens
359 3967 508 4022 contundet
518 3969 643 4018 obscenas
654 3983 725 4019 anus.
757 3967 824 4016 Post
839 3966 970 4029 insepulta
980 3967 1095 4017 membra
1112 3964 1235 4016 different
1249 3966 1313 4032 lupi,
1324 3967 1362 4019 Et

255 4047 396 4113 Esquilinae
416 4048 508 4101 alites?
541 4048 635 4113 Itaque
652 4057 680 4099 et
691 4049 805 4099 Puticuli
817 4048 862 4111 ibi,
874 4063 924 4112 quo
936 4049 1022 4096 vilium
1034 4048 1264 4112 damnatorumque
1280 4049 1361 4098 lromi·

256 4141 317 4177 uum
343 4128 470 4183 cadavera
498 4128 712 4191 projiciebantur.
746 4129 841 4192 Varro,
868 4129 971 4194 Festus,
998 4128 1104 4193 aliique.
1145 4128 1246 4181 Ibidem
1273 4129 1360 4182 locum

255 4204 344 4272 fuisse,
356 4207 401 4278 qui
412 4208 559 4274 sestertius·
567 4208 709 4275 diceretur,
718 4208 786 4263 infra
796 4207 907 4263 docebo.
1133 4219 1134 4222 ’
